2880 5062
130 367 190 429 186
308 366 541 419 svenosnmu
560 367 753 418 nvrurvvrav:
772 367 965 419 1113101111.
981 368 1059 420 1111.
1077 360 1157 422 11111.

127 518 243 583 Maria
257 518 390 583 laverat
405 517 533 583 fascias
551 518 683 583 domini
701 517 834 584 Christi
855 538 986 602 easque
1010 540 1118 603 super
1136 520 1239 605 ligna
1255 528 1332 586 stra·

128 626 232 686 verat.
277 620 387 687 Venit
418 620 527 704 igitur
556 643 644 704 puer
677 623 743 685 iste
776 620 1039 702 daemoniacus,
1076 642 1186 687 unam
1216 623 1330 688 harum

126 726 316 791 fasciarum
333 725 457 790 sumsit
474 746 620 808 eamque
641 725 748 809 capiti
766 746 828 790 suo
849 724 1030 806 imposuit:
1053 730 1129 789 tum
1145 725 1326 791 daemones

126 849 307 893 corvorum
337 847 377 891 ac
403 832 605 910 serpentum
630 825 742 912 figura
767 827 944 911 fugientes
975 848 1016 892 ex
1046 847 1106 893 ore
1137 829 1216 894 eius
1241 829 1324 895 exire

126 935 328 1014 coeperunt.
358 930 545 1013 Extemplo
563 930 695 995 domini
713 928 845 996 Christi
866 931 965 995 iussu
988 935 1133 995 sanatus
1155 932 1225 996 iste
1246 953 1322 1016 puer

125 1033 229 1098 deum
246 1031 401 1113 laudare,
418 1032 501 1096 hinc
518 1032 657 1098 domino
672 1034 732 1116 qui
750 1033 864 1116 ipsum
881 1037 1066 1097 sanaverat
1081 1033 1214 1117 gratias
1229 1053 1317 1119 agera

125 1136 251 1220 coepit.
291 1133 403 1218 Quem
420 1157 498 1200 cum
515 1136 659 1200 sanitati
675 1136 880 1201 restitutum
896 1140 998 1218 pater
1012 1134 1177 1218 vidisset,
1200 1135 1250 1202 Mi
1265 1136 1313 1217 fili,

124 1242 251 1323 inquit,
270 1239 354 1323 quid
371 1239 437 1304 tibi
454 1236 606 1304 accidit?
628 1245 748 1322 etqua
766 1239 903 1304 ratione
921 1245 1066 1304 sanatus
1083 1236 1143 1303 es?
1174 1238 1313 1324 Respon-

124 1343 177 1408 dit
193 1344 300 1408 filius:
336 1341 423 1408 Cum
441 1342 629 1407 daemones
646 1364 698 1407 me
716 1341 812 1407 humi
828 1343 1112 1424 prostravissent,
1134 1342 1171 1406 in
1188 1362 1311 1408 nosoco-

123 1447 230 1510 mium
246 1446 328 1528 abii,
346 1445 465 1530 ibique
483 1445 648 1511 feminam
667 1452 852 1529 augustam
869 1466 946 1510 oum
957 1466 1067 1529 puero
1084 1446 1212 1528 inveni,
1228 1445 1308 1510 ouius

123 1548 186 1613 illa
196 1548 324 1614 fascias
334 1571 457 1616 recens
469 1550 560 1615 lotas
571 1549 679 1632 lignis
695 1548 883 1613 iniecerat:
901 1549 1024 1614 harum
1036 1569 1142 1614 unam
1159 1555 1307 1632 arreptam

122 1658 308 1735 postquam
332 1653 439 1736 capiti
463 1673 539 1719 meo
565 1652 733 1735 imposui,
758 1651 982 1735 reliquerunt
1005 1673 1059 1717 me
1081 1651 1260 1719 daemones
1280 1658 1305 1716 et

123 1753 300 1837 fugerunt.
330 1754 444 1822 Valde
462 1756 504 1821 de
522 1777 562 1822 eo
580 1756 719 1840 gavisus
736 1760 850 1838 pater,
873 1753 925 1818 Mi
942 1754 1009 1836 fili,
1032 1755 1098 1837 ait,
1121 1755 1197 1821 fieri
1211 1758 1302 1838 potest

123 1863 163 1921 ut
178 1856 235 1921 hio
252 1878 339 1940 puer
355 1859 401 1923 sit
417 1857 510 1924 filius
528 1858 585 1924 dei
601 1859 668 1925 vivi
685 1858 747 1942 qui
764 1858 881 1923 caelos
899 1864 935 1923 et
949 1863 1079 1924 terram
1091 1858 1230 1924 creavit:
1245 1877 1301 1921 eun

122 1960 215 2024 enim
230 1960 273 2025 ad
285 1961 511 2042 nostransiit,
529 1960 678 2026 fractum
689 1966 745 2027 est
756 1960 900 2041 idolum,
920 1960 1195 2045 cecideruntque
1206 1978 1298 2025 omnes

122 2063 173 2127 dii
190 2070 225 2128 et
240 2064 272 2128 vi
289 2062 569 2148 magnificentiae
590 2065 666 2129 eius
682 2065 876 2149 perierunt.

605 2284 726 2351 Carus
751 2286 839 2352 XII.

206 2455 277 2520 Hic
298 2458 442 2539 impleta
461 2464 515 2523 est
530 2457 717 2541 prophetia
736 2478 824 2540 quae
846 2457 948 2522 dioit:
981 2457 1036 2521 Ex
1051 2457 1189 2541 Egypto
1205 2449 1292 2520 vocavi

120 2557 231 2623 filium
249 2580 373 2624 meum.
410 2559 583 2643 Iosephus
600 2580 680 2624 vero
704 2564 740 2623 et
754 2559 870 2624 Maria
890 2580 967 2624 oum
989 2559 1123 2624 idolum
1147 2557 1230 2624 illud
1243 2573 1293 2620 cor·

119 2661 234 2725 ruisse
251 2664 444 2746 etperiisse
461 2663 654 2744 audissent,
671 2669 842 2746 paverunt
859 2669 894 2727 et
903 2663 1108 2728 timuerunt.
1132 2663 1216 2729 Tum
1225 2660 1292 2725 dixe

119 2769 217 2827 runt:
250 2763 337 2830 Cum
360 2786 515 2831 essemus
537 2766 573 2830 in
596 2769 691 2830 terra
711 2765 872 2847 israelis,
895 2765 1058 2832 Herodes
1080 2767 1198 2832 Iesum
1215 2764 1292 2828 inter·

119 2866 224 2932 ficere
244 2868 432 2934 meditatus
453 2874 516 2951 est,
538 2874 574 2934 et
589 2873 777 2952 propterea
795 2890 914 2934 omnes
931 2869 1086 2936 infantes
1102 2857 1291 2935 Bethleheni

120 2974 158 3034 et
182 2968 371 3036 confinium
397 2972 472 3037 eius
499 2971 645 3052 occidit,
671 2992 785 3054 neque
812 2971 957 3036 dubium
983 2979 1037 3037 est
1062 2973 1147 3056 quin
1168 2962 1290 3054 Egyptii

119 3074 332 3156 simulatque
348 3074 414 3140 hoo
430 3074 563 3140 idolum
579 3075 728 3140 fractum
746 3096 823 3142 esse
840 3075 1048 3177 audiverint,
1072 3096 1136 3142 nos
1155 3076 1227 3159 igne
1241 3069 1291 3135 sint

122 3177 320 3241 crematuri.

595 3346 715 3415 Carus
739 3347 848 3413 XIII.

206 3516 313 3582 Illinc
334 3518 465 3601 egressi
486 3519 531 3583 ad
553 3519 668 3584 locum
692 3526 928 3603 pervenerunt
951 3519 1012 3584 ubi
1034 3526 1136 3585 erant
1155 3521 1291 3585 latrones

120 3621 181 3704 qui
210 3621 405 3703 complures
431 3621 589 3687 homines
615 3624 762 3688 sarcinis
795 3630 831 3688 et
854 3622 1010 3690 restibus
1043 3611 1293 3707 exspoliaverant

122 3744 252 3806 eosque
270 3724 462 3790 vinxerant.
496 3725 585 3789 Tum
601 3724 756 3790 latrones
773 3726 983 3791 audiverunt
999 3727 1184 3811 strepitum
1201 3725 1295 3805 ingen·

121 3833 208 3907 tem,
231 3826 345 3909 qualis
367 3847 443 3892 esse
467 3826 557 3892 solet
573 3828 742 3911 strepitus
758 3829 852 3912 regis
870 3829 1045 3912 magnifici
1067 3851 1146 3895 oum
1167 3819 1296 3894 erercitu

190 4068 236 4119 xl.
254 4085 345 4134 easque
357 4088 433 4135 super
445 4072 517 4136 lipsa
528 4078 673 4124 straverat:
691 4075 731 4124 its
744 4075 792 4133 rt,
806 4077 888 4125 etiam
903 4075 1037 4126 arabicum
1051 4077 1204 4127 emendans.
1222 4067 1271 4122 dib
1282 4056 1303 4104 ⁸⁸

121 4156 191 4204 Thil.
204 4171 296 4219 easque
308 4158 335 4205 in
347 4158 433 4221 tipillo
446 4159 622 4221 suspeuderat.
642 4160 712 4210 Item
726 4160 797 4209 inlr-a
809 4161 849 4208 ΡΙ.
863 4161 942 4225 lipsio
952 4162 1086 4221 inhorret,
1101 4160 1158 4212 sik.
1172 4168 1199 4213 et
1211 4139 1306 4210 mill·

121 4241 209 4308 tipillo
219 4243 393 4303 suspenderat.

189 4328 322 4377 mones
332 4344 370 4378 me
381 4329 450 4377 humi
457 4331 675 4390 prostravissent.-
688 4330 728 4380 ita
738 4331 792 4390 ΕΜ
807 4329 863 4381 sik.
877 4336 904 4381 et
914 4331 986 4382 Thil.
999 4332 1131 4396 agitarent
1142 4350 1179 4384 me
1190 4317 1317 4383 Μ’

189 4414 215 4462 m·
231 4414 434 4479 praeproperas
450 4415 504 4463 aa
517 4415 666 4479 perierunt:
683 4416 722 4466 aa
735 4416 790 4475 r1.;
809 4416 864 4465 su.
883 4423 911 4467 a
924 4417 994 4466 1111.
1014 4435 1030 4466 a
1046 4418 1072 4467 a·
1083 4420 1180 4472 mare
1191 4395 1322 4470 aar-‘⁴⁰

120 4503 180 4549 aaut
