2880 5062
182 392 299 438 mm
649 365 922 418 raouncouuua.

183 526 305 595 Grabii
334 523 445 590 codiee
473 521 657 588 Oxoniensi
683 519 774 601 fit¹);
805 524 906 601 atque
935 519 1101 584 consentit
1129 519 1231 583 etiam
1254 517 1390 584 libellus

184 637 317 704 saeculo
340 636 456 719 quinto
480 633 608 698 decimo
631 630 739 697 editus
761 629 822 695 sub
844 630 943 695 titulo
965 629 1128 695 infantiae
1150 628 1342 694 Salvatoris
1352 628 1388 711 ¹).

183 749 310 816 Oontra
341 752 392 811 eet
422 750 562 827 uterque
591 741 743 808 Thilonis
775 741 879 807 codex
907 741 1123 822 Parisiensis‚
1154 740 1213 805 ubi
1242 738 1388 806 Iacobus

183 859 271 925 filius
296 856 432 940 Iosephi
459 860 576 921 auctor
602 852 792 936 flugitare,
822 852 1051 918 consentiente
1079 851 1182 917 etiam
1210 850 1387 918 Cantabri·

184 971 290 1054 giensi
317 967 430 1034 codice
453 966 704 1031 recentissimae
722 966 843 1030 aetatis
865 986 886 1029 a
908 963 1052 1029 Thilone
1074 964 1225 1045 inspecto
1236 964 1275 1043 ⁴).
1320 962 1386 1028 Ac·

183 1080 271 1146 cedit
292 1078 379 1163 quod
402 1075 595 1160 opusculum
616 1077 758 1141 alterum
780 1075 821 1140 de
842 1075 1020 1140 nativitate
1035 1074 1169 1140 Mariae
1190 1073 1386 1158 plerumque

183 1213 258 1256 cum
279 1189 478 1273 Hieronymi
505 1187 627 1253 litteris
653 1188 793 1252 inveniri
815 1185 959 1268 videtur,
989 1207 1190 1269 quemquem
1213 1186 1255 1251 de
1283 1207 1324 1252 ea
1349 1207 1385 1251 re

183 1303 355 1369 nonsatis
379 1305 518 1366 constat.

273 1413 340 1480 Sed
363 1432 492 1477 omnem
515 1410 756 1476 dubitationem
783 1416 934 1475 nostram
962 1410 1098 1474 sustulit
1120 1409 1183 1474 hoc
1206 1407 1299 1491 quod
1321 1407 1386 1491 epi·

182 1525 274 1608 scopi
296 1522 423 1589 duobus
446 1522 607 1606 epistolae
628 1523 709 1588 locis
732 1528 766 1588 et
780 1522 918 1605 virginis
941 1522 1059 1587 matris
1080 1526 1114 1586 et
1130 1519 1318 1586 Salvatoris
1339 1521 1385 1585 in·

181 1637 321 1701 fantiam
343 1635 406 1700 hoc
429 1635 599 1717 evangelio
622 1633 788 1699 Matthaei
811 1633 975 1698 contineri
997 1630 1199 1717 significant,
1224 1637 1328 1715 atque
1350 1632 1384 1697 in

181 1746 263 1829 ipsis
284 1746 482 1829 Hieronymi
509 1746 631 1811 litteris
659 1750 710 1810 est
737 1767 791 1809 noe
812 1750 875 1809 ruis
897 1747 1084 1809 orationibus
1105 1746 1249 1809 αιίὶιιυωιί
1269 1749 1324 1830 qui
1343 1745 1385 1808 ad

185 1858 355 1922 Salomone
376 1862 472 1921 neubi
492 1867 629 1921 sanctam
652 1861 815 1941 iry'autiam
837 1880 895 1941 per
917 1867 1054 1921 nostum
1074 1859 1232 1941 potuerint
1250 1857 1384 1920 obedieu-

183 1972 256 2032 dam
278 1973 444 2054 pervenire.
489 1968 587 2033 Haec
608 1969 741 2033 minime
765 1969 931 2052 quadrent
952 1969 987 2032 in
1009 1968 1108 2034 breve
1130 1966 1213 2032 illud
1235 1966 1277 2033 de
1300 1968 1384 2033 nati·

181 2079 284 2145 vitate
298 2079 427 2145 Mariae
450 2079 665 2161 evangelium,
688 2077 777 2163 quod
799 2101 838 2144 eo
861 2080 934 2161 ipso
956 2078 1030 2144 loco
1050 2078 1173 2144 desinit
1193 2078 1253 2143 ubi
1277 2098 1383 2144 sermo

182 2311 211 2357 et
229 2306 331 2356 desinit
350 2322 400 2368 per
416 2309 530 2355 nostram
544 2309 667 2371 putenm
684 2306 851 2355 obedientiam
865 2307 1009 2370 peruenire.
1048 2305 1130 2356 Liber
1146 2306 1246 2370 incipit
1268 2306 1328 2355 Uaa
1343 2307 1385 2356 die

182 2389 327 2439 amoeniter
343 2393 382 2438 eat
398 2389 425 2438 iss
442 2390 536 2438 aemio
553 2391 644 2453 Ioseph
662 2389 693 2438 ab
712 2389 802 2453 aspele
820 2390 915 2438 domini
933 2388 980 2452 (ci.
999 2389 1070 2452 apud
1088 2405 1137 2439 nos
1156 2388 1242 2447 xvn,
1262 2391 1300 2452 2.)
1333 2391 1385 2442 Da·

182 2475 250 2525 sinit
267 2475 322 2537 ipse
339 2473 412 2523 Isaac
431 2473 557 2531 Obrimas,
582 2475 625 2538 qai
641 2490 696 2522 mm
713 2476 828 2532 rameii,
850 2478 924 2523 canet
943 2490 990 2523 aaa
1008 2490 1025 2522 a
1044 2475 1172 2536 peccatis,
1197 2476 1241 2538 pai
1258 2479 1298 2525 m
1315 2474 1384 2526 beser

180 2561 265 2610 dictae
288 2564 341 2610 etc.
364 2558 461 2631 ¹(Haec
480 2566 599 2610 extrema
617 2560 747 2624 quadrare
766 2560 893 2610 videntur
915 2562 944 2611 in
967 2560 1048 2610 tinem
1072 2561 1170 2625 capitia
1191 2561 1282 2611 nostri
1300 2561 1384 2624 1111.)

179 2648 284 2700 Ibidem
308 2654 372 2699 tem.
391 2648 437 2699 IV.
461 2664 488 2713 p.
506 2649 566 2700 474.
590 2648 623 2698 de
645 2649 731 2698 altero
750 2647 843 2699 codice
862 2649 1022 2713 explicatur.
1058 2647 1207 2699 Praemisso
1225 2649 1317 2700 Mem
1335 2651 1385 2701 iila

179 2736 337 2801 Hieronymi
350 2735 467 2799 epistola
479 2740 561 2799 caput
573 2736 685 2800 primum
699 2741 741 2785 est
759 2736 790 2784 de
799 2737 871 2801 faya
883 2738 942 2785 laea
957 2737 985 2785 ia
996 2737 1138 2802 Aapyptssa
1150 2734 1198 2797 (cf.
1208 2750 1268 2800 cap.
1277 2736 1385 2799 xvu).

179 2820 333 2870 Extremum
352 2819 423 2870 hanc
441 2819 526 2870 habet
543 2821 721 2886 epigraphen:
751 2820 888 2883 Quomodo,
908 2821 1008 2885 wado
1026 2821 1102 2870 simrd
1119 2818 1293 2880 comedebant,
1312 2822 1388 2873 rem

176 2921 276 2954 meaaae
294 2905 463 2963 benedicebat,
485 2911 511 2955 et
528 2907 628 2969 wado
647 2906 795 2965 dormiebat,
814 2906 924 2954 claritas
941 2906 984 2954 dei
1000 2921 1077 2968 saper
1095 2921 1150 2954 eam
1159 2904 1294 2971 scalpebat.
1333 2907 1385 2958 De·

177 2990 245 3040 sinit
263 2993 290 3038 ia
307 2989 349 3038 die
366 2992 419 3038 siue
435 2990 463 3037 ia
480 2993 566 3047 eoem,
590 2989 700 3039 clariter
716 2991 758 3039 dei
778 2989 956 3052 rerpleadebat
973 3005 1050 3052 asper
1067 3006 1134 3048 uss,
1159 2992 1186 3039 ia
1203 2990 1310 3040 nacula
1328 3007 1383 3041 sae·

177 3075 298 3125 esiam
328 3076 418 3124 Amen.
456 3073 542 3137 (Haec
561 3076 628 3124 satis
647 3074 814 3139 respondent
832 3075 934 3124 nostrie
953 3075 1043 3139 capite
1061 3074 1159 3136 nun.)

263 3155 286 3220 ¹)
305 3157 382 3215 Quod
400 3159 470 3208 enim
491 3157 603 3207 Grabius
623 3158 657 3207 ad
676 3158 781 3209 Irenaei
800 3159 821 3216 1,
842 3159 882 3209 17.
901 3159 983 3223 (apud
1002 3159 1170 3217 dissecati,
1189 3158 1243 3221 20.)
1266 3163 1389 3221 comsit,

177 3242 311 3291 contineri
336 3256 367 3290 eo
393 3241 485 3291 codice
503 3241 783 3305 Pande-wascelini
799 3241 902 3302 Leseii,
926 3243 955 3293 id
978 3241 1042 3293 inde
1067 3242 1256 3306 explicandum
1275 3244 1390 3296 videtur

179 3324 250 3391 qued
269 3325 385 3376 Leuciua
407 3325 478 3375 idem
497 3325 632 3376 Matthaei
654 3327 785 3389 scriptum
809 3327 844 3376 ad
867 3342 941 3377 suem
965 3332 1082 3381 mentem
1106 3328 1303 3379 conformatum
1329 3329 1388 3382 edi·

177 3412 249 3462 disse
268 3412 296 3461 in
315 3413 417 3463 litteris
435 3413 548 3478 tingitur
566 3413 730 3476 Hieronymi.

261 3495 285 3561 ²)
305 3498 345 3549 Cf.
364 3498 431 3550 Lud.
451 3498 523 3549 Hain
542 3500 728 3563 Repertorium
752 3498 1008 3564 bibliographicum,
1033 3499 1080 3550 ubi
1098 3499 1140 3557 11,
1160 3502 1183 3549 1.
1206 3516 1233 3565 p.
1256 3503 1316 3551 180.
1337 3519 1386 3554 nu·

176 3598 249 3633 mero
268 3585 344 3635 9178.
370 3590 591 3635 commemoratur
613 3586 734 3650 Infantia
758 3583 916 3634 Saloutaria.
960 3584 1076 3634 Libellus
1098 3586 1129 3634 de
1151 3587 1267 3651 infantia
1288 3584 1387 3640 Seiam

178 3670 243 3719 boris
267 3685 283 3717 a
307 3669 379 3719 beato
398 3670 554 3736 Hier-cayna
579 3671 731 3720 hammer.
769 3668 820 3728 Qui
845 3670 953 3721 libellus
977 3685 1027 3721 nec
1050 3686 1066 3721 a
1089 3670 1192 3721 lauder.
1210 3671 1283 3723 Hain
1309 3674 1383 3727 visu

177 3759 220 3805 eat
238 3769 288 3803 nec
306 3769 322 3804 a
340 3753 455 3804 'l'hilone
473 3771 523 3806 nec
541 3772 556 3805 a
574 3771 624 3805 me.
644 3786 648 3791 ·

261 3837 284 3903 ³)
303 3838 426 3889 Ceterum
445 3840 814 3905 ‚,iacobuefl1iuslosephi“
835 3841 905 3890 idem
927 3846 970 3890 est
988 3841 1034 3904 qui
1052 3841 1081 3890 in
1100 3842 1203 3905 graecis
1221 3842 1301 3892 libris
1321 3861 1381 3896 msa.

175 3924 373 3990 proterangelii
386 3915 579 3988 ἀδελῴὀθεοσ
592 3924 705 3985 dicitur;
724 3940 811 3988 neque
824 3925 909 3990 magis
924 3925 993 3973 alius
1012 3929 1055 3973 eet
1070 3915 1219 3972 ‘idsmssoc
1232 3921 1380 3993 ἘΒραῑοσ

175 4008 322 4074 Epiphanii
349 4009 486 4066 monachi,
514 4025 594 4073 quum
620 4010 698 4060 illum
724 4011 752 4059 in
780 4012 838 4074 ipso
863 4011 963 4059 Mariae
991 4015 1071 4074 partu
1097 4005 1256 4061 interfuisse
1282 4014 1379 4066 saciati

168 4083 316 4143 ‘idsoessoa
328 4089 476 4157 ἘΞΒραῖοσ
492 4086 565 4142 τότε
582 4092 693 4162 ωαρὼμ
718 4101 771 4146 etc.
810 4094 852 4145 cf.
871 4094 970 4159 lipiph.
988 4094 1063 4145 edita
1081 4099 1110 4143 et
1127 4093 1200 4145 ined.
1218 4109 1283 4148 cura
1301 4099 1377 4151 Drei-

174 4183 225 4231 sel.
247 4197 273 4244 p.
291 4183 333 4230 28.

259 4265 283 4330 ⁴)
303 4266 344 4318 Cf.
363 4264 429 4315 Coei.
448 4282 537 4331 apocr.
556 4282 582 4331 p.
599 4267 676 4319 CXV.
707 4269 739 4319 In
758 4270 844 4319 altero
863 4269 956 4320 codice
975 4275 1083 4328 nostre,
1107 4270 1125 4322 i.
1143 4285 1167 4320 e.
1187 4271 1376 4331 Laurentisne,

174 4370 225 4405 nec
246 4355 362 4416 epistola
386 4368 435 4403 uec
458 4354 543 4419 magis
565 4354 622 4404 ulla
644 4354 786 4419 inscriptio
811 4371 869 4406 esse
892 4356 1014 4418 videtum
1038 4360 1113 4406 certe
1131 4357 1203 4408 euim
1222 4359 1293 4408 nihil
1313 4361 1376 4410 eius·

174 4439 247 4490 modi
264 4441 293 4490 iu
311 4438 419 4489 schedia
437 4440 503 4490 meis
524 4441 625 4491 notnsi.
