2880 5062
118 341 181 400 428
470 341 598 390 EVANG.
618 340 797 390 Nlcoeanr
823 340 911 390 PARS
929 339 967 391 11.

118 491 287 575 pugnabas
310 494 476 576 quotidic3
506 495 556 559 sin
579 501 689 560 autem
712 494 862 577 minime,
885 493 972 559 scias
994 493 1076 578 quia
1098 492 1249 576 religatus
1266 494 1293 559 ab

119 617 157 687 eo
180 617 273 661 meae
295 598 424 663 suberis
451 598 630 665 custodiae.

503 840 621 909 Oaros
643 838 726 910 VII.
764 838 933 925 (XXIII.)

206 1003 279 1068 ¹Et
305 1005 424 1069 iterum
453 1004 541 1070 facta
568 1011 620 1070 est
646 1027 710 1071 vox
738 1005 799 1070 filii
825 1004 931 1087 patris
960 1001 1118 1068 altissimi
1141 1002 1234 1086 quasi
1253 1025 1299 1066 uu

119 1109 258 1173 tonitrui
282 1111 392 1193 magni
416 1109 545 1174 dicens:
568 1108 693 1175 Tollite
715 1115 830 1193 portas
853 1108 1021 1192 principes
1043 1114 1181 1187 vestras,
1204 1112 1235 1171 et
1253 1104 1300 1170 ele·

118 1213 239 1277 vumini
263 1219 378 1295 portae
401 1215 599 1296 aeternales,
631 1220 665 1278 et
696 1212 851 1278 introibit
876 1233 935 1277 rex
963 1209 1101 1295 gloriae.
1145 1209 1237 1275 Tunc
1257 1208 1301 1275 Sa

119 1322 213 1379 tonas
237 1322 270 1379 et
293 1315 440 1380 infernus
463 1315 689 1381 clamaverunt
712 1316 878 1379 dicentes:
907 1313 991 1398 Quis
1014 1319 1066 1378 est
1088 1315 1153 1378 iste
1176 1334 1232 1377 rex
1250 1311 1302 1395 glo

118 1419 214 1484 riae?
251 1419 530 1502 Responsumque
553 1425 605 1484 est
626 1419 692 1482 illis
715 1439 795 1483 voce
819 1417 1002 1483 dominica:
1034 1417 1204 1483 Dominus
1225 1416 1302 1482 fortis

119 1528 153 1585 et
174 1527 303 1604 potens,
325 1521 479 1585 dominus
502 1528 620 1604 potens
643 1522 677 1585 in
699 1521 838 1604 proelio.

206 1643 316 1707 ²Post
343 1642 428 1706 hanc
454 1665 568 1707 vocem
597 1641 730 1707 advenit
758 1641 859 1707 horno
889 1641 983 1705 ouius
1010 1638 1096 1704 visio
1126 1645 1200 1704 erat
1226 1639 1301 1722 quasi

118 1744 273 1823 latronis,
304 1750 442 1826 port-ans
474 1767 605 1810 crucem
636 1745 670 1809 in
701 1744 855 1826 humer0‚
887 1744 1032 1808 clamans
1059 1765 1081 1807 a
1109 1741 1192 1807 foris
1218 1748 1249 1807 et
1266 1741 1302 1805 di·

120 1868 215 1910 cens:
247 1846 388 1928 Aperite
419 1846 500 1910 mihi
528 1852 566 1911 ut
593 1847 722 1911 intrem.
769 1845 830 1912 Oui
859 1846 1012 1927 aperiens
1034 1843 1138 1910 Satan
1167 1866 1225 1927 per
1248 1865 1302 1908 mo·

120 1951 229 2016 dicum
252 1950 438 2015 introduxit
461 1974 534 2017 eum
562 1952 703 2017 interius
732 1952 765 2016 in
793 1951 957 2034 hospitio,
988 1951 1177 2032 iterumque
1203 1947 1302 2014 clausit

120 2058 196 2135 post
231 2075 305 2118 eum
341 2053 472 2119 ostium.
525 2054 758 2137 Videruntque
789 2075 863 2118 eum
896 2073 1010 2118 omnes
1042 2052 1150 2116 saneti
1182 2049 1303 2135 perluci-

120 2159 213 2241 dum,
236 2158 456 2242 dixeruntque
479 2159 510 2224 ei
533 2159 706 2224 continuo:
738 2158 836 2226 Visio
859 2164 917 2222 tua
938 2156 1080 2222 latronis
1103 2160 1163 2221 est
1205 2154 1303 2220 Indica

119 2243 232 2342 bobia
261 2262 340 2345 quid
364 2268 416 2326 est
438 2263 527 2346 quod
555 2263 590 2327 in
612 2264 712 2328 dorso
741 2268 799 2327 tuo
827 2261 983 2327 baiulas?
1027 2259 1095 2346 Qui
1118 2257 1302 2343 respondens

119 2366 290 2431 humiliter
316 2367 416 2431 dixit:
456 2366 544 2434 Vere
572 2368 657 2432 latro
690 2367 738 2432 fui
770 2388 831 2450 per
859 2365 983 2448 omnia,
1016 2371 1049 2430 et
1080 2365 1301 2449 suspenderunt

120 2493 172 2535 me
195 2470 311 2536 Iudaei
335 2471 369 2535 in
392 2494 488 2537 cruce
512 2494 586 2537 curn
610 2472 744 2537 domino
768 2493 841 2535 meo
865 2470 943 2536 Iesu
967 2469 1102 2536 Christo
1125 2468 1194 2533 filio
1215 2466 1300 2550 patris

119 2575 282 2639 altissimi.
326 2575 400 2658 Ego
425 2575 568 2658 denique
591 2575 665 2639 reni
692 2573 942 2656 praeconcitus:
973 2573 1044 2655 ipse
1067 2594 1147 2638 vero
1171 2578 1302 2656 postne

118 2677 209 2742 venit
230 2677 398 2742 continue.

206 2796 328 2861 ³Tunc
358 2803 491 2862 sanctus
515 2796 623 2861 David
652 2797 809 2860 aduersus
833 2794 935 2860 Satan
964 2795 1015 2860 ira
1043 2816 1218 2860 succensus
1241 2815 1298 2877 pro·

119 2901 274 2964 clanrarit
305 2900 454 2964 sortitor:
494 2900 599 2983 Aperi
633 2898 845 2982 spurcissime
877 2904 991 2981 portas
1024 2904 1116 2979 tuas,
1154 2906 1190 2963 ut
1218 2899 1296 2961 intret

119 3027 176 3069 rex
207 3005 341 3087 glorius.
387 3005 550 3071 Similiter
578 3011 611 3069 et
640 3025 762 3087 ornnes
781 3004 884 3068 sancti
910 3004 963 3068 dei
991 3005 1233 3088 consurgebant
1256 3001 1296 3065 ad-

119 3131 232 3174 versus
260 3109 363 3174 Satan
392 3117 425 3174 et
452 3110 606 3175 volebant
634 3131 708 3173 eruin
737 3109 1017 3191 comprehendere
1046 3116 1080 3173 et
1108 3109 1193 3174 inter
1216 3130 1245 3171 se
1263 3105 1296 3168 di·

121 3270 332 3277 ———---—-—-

117 3370 218 3432 probas
240 3372 339 3419 animas
361 3372 454 3420 cotidie
477 3375 502 3420 et
525 3371 674 3436 chts'pebos,¹
698 3386 763 3419 ausc
785 3370 911 3434 religatus
931 3370 985 3418 ests
1002 3370 1034 3417 ab
1051 3386 1094 3428 eo,
1116 3370 1161 3418 sol
1177 3373 1245 3417 orrts
1258 3366 1296 3414 eris

120 3456 244 3504 ennodio.
289 3493 297 3512 .

208 3558 268 3615 Vll,
288 3561 311 3607 1.
348 3559 428 3608 ccl
452 3560 484 3617 V,
502 3563 526 3608 3.
557 3559 630 3609 cEt
646 3559 728 3607 subito
747 3560 838 3608 audita
856 3563 894 3606 est
918 3558 922 3620 Ι
942 3559 1001 3622 filii
1020 3560 1121 3620 patris:
1145 3571 1178 3608 ΔΒ
1195 3573 1232 3606 om
1245 3554 1293 3619 fila

121 3656 136 3692 c
156 3647 296 3706 utrumque
321 3660 362 3693 orn
388 3644 392 3707 Ι
417 3647 526 3694 tonitrui
545 3646 644 3707 moysi:
663 3644 702 3693 ito
719 3657 771 3696 ΔΒΕ
796 3646 910 3705 lsliress
928 3658 987 3692 cum
1006 3657 1021 3694 c
1041 3659 1183 3702 ·.Acm;
1203 3638 1294 3702 Βίψῖ

121 3733 183 3791 post
204 3729 297 3777 Tollite
312 3731 317 3790 Ι
333 3742 349 3779 Β
369 3748 409 3777 oni
428 3731 495 3776 dossa
512 3734 602 3793 potens

208 3837 232 3881 2.
269 3832 311 3881 cf.
332 3836 353 3881 Α
372 3833 402 3880 Χ.
432 3834 495 3882 Post
517 3835 583 3880 basse
602 3868 609 3881 .
629 3867 636 3881 .
656 3846 673 3882 n
693 3848 782 3894 praem
804 3832 884 3888 Tune,
909 3845 924 3882 c
943 3832 982 3879 Et
1005 3830 1011 3895 Ι
1034 3843 1051 3880 Β
1071 3832 1141 3879 culus
1158 3834 1211 3879 esst
1226 3825 1293 3876 astl-

122 3915 182 3962 tmto
202 3917 274 3978 qussi
294 3920 298 3974 Ι
319 3930 334 3966 c
353 3918 481 3979 Aperiens
498 3922 580 3965 autem
601 3917 625 3964 σι’
643 3919 727 3964 Satan
746 3932 796 3978 per
816 3916 882 3964 mod.
900 3914 1031 3971 introivit,
1053 3914 1189 3977 iterumque
1210 3912 1238 3959 cl.
1250 3911 1292 3971 post

121 4019 176 4051 eum
200 4007 247 4051 ost.
267 4004 413 4066 ds'ts'psster.
456 4005 493 4052 Et
516 4020 571 4052 cum
592 4005 715 4053 vidissent
733 4005 849 4052 Dismam
870 4019 935 4052 oms.
955 4019 992 4050 sa.
1015 4002 1158 4063 pertues‘d„
1182 4002 1253 4047 dher.
1268 3994 1293 4042 d

120 4105 175 4136 curs
197 4090 236 4147 ln
255 4089 306 4136 Dio
324 4090 395 4137 nobis
414 4087 419 4153 Ι
439 4089 509 4138 latro
522 4091 571 4153 sui
588 4105 645 4138 curn
665 4103 698 4140 nc
719 4125 748 4136 ..
770 4088 874 4137 stasro
884 4088 994 4152 fuissem
1015 4087 1019 4148 Ι
1040 4090 1065 4133 et
1084 4087 1110 4147 (r
1128 4087 1182 4145 ssd)
1199 4079 1291 4143 mpod

122 4209 151 4223 ..
173 4186 189 4222 Β
208 4190 249 4222 orn
273 4178 298 4221 et
322 4177 327 4233 Ι
350 4188 384 4224 Ac
403 4191 456 4223 ram
480 4175 507 4237 (c
525 4174 579 4223 add
599 4175 709 4235 Christo)
728 4175 829 4223 <tostino
848 4172 911 4236 filio
935 4173 961 4233 (c
979 4171 1032 4219 edd
1055 4171 1152 4232 patris)
1174 4157 1291 4221 attissifltl

122 4264 179 4325 Epo
197 4262 303 4324 denique
322 4261 350 4323 (c
369 4263 442 4325 itaq.)
460 4263 517 4311 seni
534 4279 671 4324 praecone.
692 4260 720 4322 (c
739 4260 862 4322 coaetus)
881 4276 940 4309 oum
958 4273 992 4310 sc
1012 4293 1042 4307 ..
1063 4270 1080 4307 Β
1098 4258 1155 4321 Epo
1172 4271 1220 4305 esur
1235 4263 1291 4316 pm

121 4351 176 4397 cent
197 4350 309 4398 concitus

206 4447 231 4492 3.
270 4442 311 4492 Cf.
331 4439 355 4492 A
375 4443 406 4500 V,
425 4446 451 4492 3.
481 4445 643 4506 sperassem
661 4458 720 4493 eum
738 4455 773 4494 nc
792 4478 822 4492 ..
842 4457 859 4494 Δ
871 4441 1021 4505 fortissime
1036 4437 1040 4500 Ι
1055 4439 1124 4488 ister·
1139 4454 1165 4486 τε
1182 4428 1291 4497 (⁰⁸¹¹st
