2880 5062
119 381 180 442 110
300 380 633 431 muno-usurum
653 377 893 429 uvsncuuldn.
921 375 994 426 CAP.
1014 375 1131 427 xxm.

555 630 675 697 Oneon
698 630 882 695 XXXXI.

206 805 278 869 1Et
305 804 469 869 abierunt
493 806 529 868 in
555 804 729 868 civitatem
752 800 996 883 Capharnuum
1021 822 1041 865 a
1067 801 1202 865 civitate
1219 817 1280 880 quae

117 914 261 973 vocatur
274 907 470 987 Bethleem,
494 914 529 971 et
546 912 621 970 erat
636 905 766 988 loseph
784 927 860 969 cum
876 904 990 970 Maria
1011 905 1047 968 in
1069 903 1169 969 domo
1186 922 1244 981 sua,
1260 906 1283 963 et

117 1009 219 1074 Iesus
244 1030 322 1074 cum
347 1011 408 1074 eie.
447 1010 496 1074 Et
520 1011 576 1074 die
600 1009 748 1092 quadam
769 1009 904 1073 vocavit
923 1008 1052 1090 Ioseph
1078 1006 1122 1071 ad
1149 1026 1184 1071 se
1205 1003 1284 1067 filiun

118 1135 218 1177 suum
228 1113 499 1196 primogenitum
510 1113 687 1194 Iacobum,
706 1112 846 1177 etmisit
862 1111 960 1176 illum
977 1112 1013 1174 in
1030 1111 1169 1175 hortum
1185 1107 1285 1173 oleron

117 1224 157 1279 ut
178 1215 361 1294 colligeret
381 1216 477 1281 olera
496 1216 540 1281 ad
563 1215 762 1281 faciendum
784 1215 1011 1296 pulmentum.
1044 1213 1093 1278 Et
1109 1212 1285 1276 subsecutus

118 1324 172 1382 est
187 1317 289 1383 Iesus
306 1318 473 1383 Iacobum
489 1318 632 1383 fratrem
650 1340 749 1383 suum
771 1320 806 1381 in
823 1317 977 1397 hortum,
1000 1323 1035 1381 et
1051 1315 1117 1380 hoc
1133 1312 1248 1396 Ioseph
1264 1315 1287 1375 et

117 1420 233 1486 Maria
254 1423 467 1486 nescierunt.
503 1422 668 1506 Dumque
689 1421 840 1486 Iacobus
863 1420 1047 1504 colligeret
1069 1419 1180 1499 olera,
1201 1415 1286 1481 subito

124 1526 229 1588 exivit
245 1525 287 1589 (le
305 1525 474 1589 toramine
491 1525 611 1607 vipera
633 1530 667 1588 et
682 1524 858 1606 percussit
873 1544 1012 1587 manum
1028 1521 1166 1602 lacobi,
1188 1527 1219 1585 et
1235 1519 1287 1601 ipsc

118 1648 201 1708 prae
225 1627 344 1692 dolore
368 1628 474 1693 nimio
499 1628 615 1711 coepit
637 1627 796 1692 clamare.
833 1626 881 1690 Et
903 1626 970 1690 iam
992 1624 1161 1688 deficiens
1181 1619 1289 1686 dicebat

122 1750 199 1793 cum
221 1731 315 1795 vocis
337 1731 585 1795 amaritudine:
616 1731 713 1809 Heu,
737 1730 822 1810 heu,
844 1730 964 1811 uipera
979 1727 1132 1810 pessima
1148 1720 1289 1808 percussit

121 1853 259 1895 manum
276 1854 396 1897 meam.
443 1834 454 1866 ²
471 1830 572 1897 Iesus
589 1853 668 1897 vero
687 1840 783 1897 stans
806 1853 846 1896 ex
868 1830 1012 1895 adverso
1029 1829 1074 1893 ad
1090 1829 1183 1894 vocis
1198 1824 1289 1891 umeri

120 1934 277 1999 tudinem
301 1935 453 2000 accurrit
475 1935 519 2000 ud
535 1934 702 2000 Iacobum
726 1942 760 2000 et
775 1935 891 2000 tenuit
907 1954 1045 1997 manum
1063 1932 1156 2012 eius,
1178 1935 1210 1994 et
1226 1922 1291 1992 nihil

120 2036 216 2100 aliud
234 2037 319 2101 fecit
335 2038 396 2103 sed
414 2043 549 2102 tautum
561 2038 708 2103 sufflavit
723 2035 1040 2102 inmnnumlacobi
1058 2027 1290 2116 etrefrigenn't

122 2160 206 2203 eam.
252 2140 300 2204 Et
328 2142 445 2206 statim
471 2141 623 2206 Iacobus
654 2149 796 2207 sanatus
827 2147 895 2221 est,
928 2146 963 2203 et
994 2158 1139 2221 serpens
1164 2141 1289 2200 mortuus

122 2247 185 2304 est.
216 2241 263 2306 Et
278 2241 407 2325 Ioseph
431 2250 466 2309 et
481 2243 596 2308 Maris
612 2244 705 2326 quod
728 2243 857 2308 suctum
876 2249 930 2307 est
949 2241 1174 2324 ignorabant;
1193 2235 1245 2303 sed
1259 2228 1289 2297 sd

122 2342 306 2409 clamorem
332 2345 452 2411 lacohi
479 2347 582 2412 etad
607 2347 791 2430 imperium
816 2346 898 2411 lesu
923 2350 1154 2410 cucurrerunt
1177 2341 1215 2407 ed
1236 2339 1290 2403 hor·

122 2451 205 2525 tum,
230 2453 264 2511 et
280 2448 491 2513 invenerunt
508 2455 705 2532 serpentem
722 2455 895 2513 mortuum
912 2448 980 2512 iam
998 2453 1032 2512 et
1048 2445 1210 2512 Iacobum
1224 2441 1288 2507 bene

126 2556 295 2614 sanatum.

125 2709 338 2718 ———.——-

194 2793 317 2849 xxxxl,
338 2797 360 2842 1.
390 2811 406 2842 α
428 2796 531 2843 deitate
553 2811 616 2858 quae
637 2799 744 2844 vocatur
764 2793 908 2842 Bethleem:
933 2794 972 2841 sic
994 2791 1161 2841 emendenda
1180 2788 1289 2839 videbitur

128 2879 261 2940 scripture
274 2880 383 2936 codicis,
398 2881 424 2928 in
439 2896 490 2942 qus
504 2886 546 2929 est
558 2882 584 2928 iu
597 2881 724 2928 ciuitatem
738 2880 914 2942 Cophos-naum
928 2894 991 2940 quae
1002 2882 1110 2926 coeatur
1117 2875 1241 2931 Bethleem·

197 2962 229 3012 ln
243 2963 336 3012 codice
350 2979 365 3012 n
379 2969 442 3027 post
455 2965 594 3013 historiam
609 2964 642 3013 de
656 2965 750 3028 hydria
764 2968 942 3026 couqussusta
956 2964 1055 3027 legitur
1069 2964 1120 3011 sic:

197 3045 205 3075 ¹
224 3051 288 3099 Post
298 3052 361 3100 laec
377 3056 460 3100 autem
472 3068 526 3099 cum
539 3052 648 3115 quodum
660 3053 701 3100 die
713 3051 822 3099 Iacobus
834 3050 946 3114 Alplsaei
964 3051 1086 3097 intrasset
1097 3051 1192 3098 donum
1206 3048 1230 3093 ut
1238 3038 1289 3089 olm

127 3135 160 3181 cul
171 3136 316 3194 faciendum
325 3137 481 3199 pulmentum
494 3137 639 3200 colligeret,
656 3138 734 3185 exivit
745 3138 835 3199 vipera
847 3137 879 3184 de
883 3137 1016 3199 foramine
1028 3141 1053 3184 et
1066 3134 1194 3184 inomordit
1203 3130 1289 3179 meme
1330 3138 1332 3143 '

126 3234 225 3267 manum
237 3221 304 3268 eius:
317 3223 360 3284 qui
368 3238 436 3285 pras
447 3223 524 3270 nimio
536 3222 624 3270 dolore
636 3227 662 3271 et
673 3222 846 3270 amaritudine
858 3221 970 3269 clamore
983 3222 1065 3285 coepit
1077 3221 1143 3278 Heu,
1158 3221 1212 3267 deu:
1226 3213 1289 3275 ripere

127 3321 163 3352 me
175 3307 316 3356 momordit.

195 3386 206 3418 ²
224 3392 296 3440 Iesus
304 3408 364 3441 uero
374 3408 405 3441 er
413 3393 521 3442 adverso
529 3397 602 3442 mons
611 3393 725 3440 cucurrit
738 3393 772 3439 «ul
782 3392 901 3440 Iacobum
905 3394 1022 3456 fratrem
1031 3408 1115 3448 sunm,
1134 3395 1212 3438 tenens
1218 3391 1289 3434 matt*

127 3492 197 3524 suom
209 3479 322 3542 sufflavit
338 3479 363 3525 in
382 3495 425 3536 ea,
444 3483 468 3527 et
481 3480 598 3526 continuo
610 3494 687 3526 sanus
696 3480 790 3541 suctus
808 3483 859 3536 est,
878 3495 928 3528 non
940 3479 1049 3527 sentiens
1064 3477 1143 3526 ullum
1155 3462 1290 3524 uomrsmd

126 3577 230 3624 serpens
240 3567 352 3612 inertum
360 3568 406 3614 est.
430 3564 534 3612 Etcum
548 3568 670 3627 parentes
688 3568 714 3612 et
724 3564 802 3611 vieini
814 3565 984 3612 cucurrissent
1001 3565 1035 3610 od
1048 3565 1159 3618 lurtum,
1177 3549 1290 3607 innunt

128 3652 267 3710 serpentem
278 3653 410 3707 munuum,
423 3650 449 3697 in
459 3654 537 3713 parte
550 3649 639 3713 aliquo
651 3665 701 3698 uon
713 3648 817 3706 laesum,
829 3654 856 3697 et
867 3649 986 3698 Iacobum
998 3665 1058 3698 vero
1070 3663 1164 3697 sanum.

198 3729 321 3781 Ceterum
338 3735 501 3784 conterende
515 3736 568 3784 ists
583 3735 695 3784 historie
709 3739 751 3784 est
766 3750 824 3783 oum
840 3736 921 3783 simili
935 3735 989 3783 slis
1002 3750 1096 3798 ersng.
1107 3714 1291 3781 Thomschstini

129 3832 168 3878 esp
180 3818 218 3866 ite
231 3817 300 3865 XIV.
320 3820 434 3880 tradite,
453 3837 530 3885 quem
548 3821 629 3870 etism
647 3833 665 3868 n
685 3821 775 3883 cupito
788 3819 841 3868 XL.
859 3820 984 3883 praebet,
1004 3819 1076 3882 quod
1093 3819 1239 3881 inscriptum
1253 3810 1291 3852 est:

133 3901 260 3963 Quomodo
272 3905 344 3954 lem
355 3909 457 3955 sanavit
469 3908 561 3970 Ioseph
573 3923 590 3954 a
602 3922 694 3954 veneno
706 3906 817 3968 uiperae.

198 3986 393 4052 Descripsimus
407 3992 529 4050 xxxin,
546 3995 570 4042 2.
589 3992 671 4042 etism
687 4006 762 4040 exeo
775 3991 867 4040 codice
880 3991 1052 4041 Morioeensi.
1073 4006 1149 4054 quem
1167 3989 1198 4039 sd
1212 3978 1294 4034 initilll

131 4073 208 4121 huius
221 4077 354 4140 evengelii
367 4078 545 4127 adhibuimus.
567 4077 680 4143 Legitur
692 4077 729 4126 ibi
743 4076 794 4124 sic:
814 4077 886 4125 Iesus
897 4092 956 4124 cero
968 4092 999 4124 ee
1011 4078 1119 4126 odoerm
1130 4080 1199 4125 stom
1209 4069 1238 4118 od
1248 4055 1296 4111 '⁰⁶⁵³

130 4160 324 4209 amaritudinem
336 4165 450 4212 accurrit
460 4165 494 4213 ad
507 4165 626 4213 Iacobum
637 4169 664 4213 et
676 4163 756 4215 tenuit
769 4178 866 4210 menum
878 4163 945 4219 eius,
962 4168 987 4210 et
999 4162 1064 4210 nihil
1076 4158 1217 4225 aliudsecit
1227 4148 1261 4202 sel
1271 4143 1297 4189 ἶ*

121 4244 242 4307 sufflavit
255 4247 281 4293 in
292 4262 391 4296 monum
403 4249 457 4297 Iac.
477 4253 502 4297 et
514 4250 604 4314 refrip.
618 4264 672 4297 eom
686 4273 694 4283 -
708 4252 733 4297 et
745 4248 876 4311 imperium
888 4249 947 4296 Iesu
960 4251 1127 4296 circumerrent
1143 4248 1176 4295 od
1187 4244 1270 4293 nomn
1282 4222 1300 4271 ‘l

131 4330 179 4376 inu.
192 4346 258 4393 serp.
272 4333 322 4380 iam
333 4338 457 4382 mortuum
468 4339 494 4383 et
505 4334 590 4383 Iacob.
603 4337 728 4382 sunctum.
754 4332 855 4389 Quibus
868 4332 957 4382 uerbis
976 4333 1031 4381 exit
1049 4332 1087 4381 ibi
1099 4333 1206 4382 libellus
1221 4309 1304 4376 gddiffl

130 4422 236 4464 tuntum
250 4416 304 4465 his:
329 4419 389 4482 Ipse
401 4420 473 4467 Iesus
487 4419 601 4468 Christus
613 4419 656 4483 qul
667 4434 721 4466 eum
733 4420 835 4467 sonavit
846 4423 920 4468 sanet
931 4434 975 4467 nos
988 4435 1004 4466 a
1014 4420 1136 4482 peccatis,
1154 4419 1196 4482 qui
1205 4417 1240 4464 est
1249 4406 1308 4455 W

130 4501 214 4551 dictus
224 4504 252 4551 in
263 4505 349 4553 seculo
360 4506 509 4563 seculorum,
527 4508 615 4555 Amen.
