2880 5062
118 391 194 436 m
586 367 859 420 recuroounra

120 526 340 609 „quicumque
364 521 434 586 sine
457 541 559 585 uxore
582 523 660 584 est“.
696 519 746 585 At
767 518 831 584 hoc
852 518 1028 601 posterius,
1051 519 1079 583 si
1094 539 1208 583 verum
1224 539 1321 600 quaa

120 637 177 717 ris,
199 635 357 699 maiorem
380 632 616 714 antiquitatem
638 631 727 712 sapit
750 631 858 695 altera
881 631 1055 712 scriptura,
1079 651 1146 712 qua
1167 631 1246 695 novi
1268 629 1323 695 ali·

69 781 71 787 ·
121 746 202 832 quid
233 767 307 811 cum
339 744 501 828 gravitate
534 741 677 807 additur.
730 739 830 826 Quod
861 763 899 806 eo
930 741 1005 824 plus
1036 741 1193 806 momenti
1225 739 1325 806 habet

123 859 280 942 quoniam
304 854 347 922 ad
368 853 682 937 repraesentandam
709 853 817 936 ipsam
838 853 975 936 Iosephi
1003 873 1178 936 personam
1203 853 1324 918 valuit:

121 971 153 1035 is
180 969 266 1035 enim
295 966 499 1050 grandaevus
527 955 659 1047 quidem
684 963 820 1046 dicitur,
852 963 910 1028 sed
936 964 1107 1046 ignoratur
1134 964 1228 1046 prins
1256 965 1326 1030 eius

123 1081 319 1163 coniugium,
341 1080 539 1160 ignorantur
554 1076 653 1140 etiam
668 1073 737 1140 tilii
767 1074 877 1141 Multo
896 1074 931 1139 id
953 1073 1049 1140 aliter
1070 1074 1109 1140 fit
1129 1076 1164 1140 in
1179 1075 1325 1140 Pseudo·

123 1191 298 1258 Matthaeo
329 1195 444 1254 nostro
466 1186 574 1269 VIII,
597 1190 636 1270 4.,
668 1193 785 1252 eontra
812 1208 909 1269 quem
940 1187 1048 1269 ipsum
1075 1186 1198 1251 dixeris
1231 1208 1326 1252 evan·

123 1303 244 1387 gelium
274 1301 315 1365 de
346 1299 522 1365 nativitate
551 1298 679 1364 Mariae
709 1298 869 1381 seriptum
897 1318 978 1363 esse.
1022 1296 1126 1362 Mitto
1157 1297 1191 1362 id
1223 1319 1326 1380 genus

123 1415 199 1479 alia.
242 1408 555 1476 Pseudo-Matthaei
584 1409 671 1474 enim
699 1410 920 1492 evangelium,
952 1408 1043 1492 quod
1071 1408 1169 1475 nobis
1197 1407 1332 1490 dicitur,

123 1523 212 1590 baud
241 1521 340 1587 dubie
367 1521 450 1587 loeis
477 1520 628 1603 pluribus
655 1521 878 1604 antiquiorem
907 1521 1011 1585 refert
1041 1520 1209 1600 haeresin,
1243 1520 1327 1585 eius·

124 1634 214 1700 modi
237 1632 370 1717 quidem
393 1634 447 1698 cui
472 1633 546 1715 ipsa
574 1631 712 1698 ecclesia
739 1632 949 1716 indulgebat3
978 1631 1119 1696 alterum
1141 1631 1181 1696 de
1209 1631 1329 1697 nativi·

124 1752 196 1812 tate
212 1744 343 1810 Mariae
360 1765 559 1828 quamquam
582 1765 656 1808 eum
678 1744 810 1809 luxuria
825 1744 1065 1809 sententiarum
1080 1742 1331 1826 verborumque,

126 1863 238 1922 tamen
261 1861 358 1922 caute
380 1862 414 1921 et
437 1856 527 1921 selva
543 1855 686 1939 quadam
709 1855 889 1921 sobrietate
908 1855 1073 1944 catholica
1091 1854 1254 1937 scriptum
1272 1858 1331 1919 est

125 1967 217 2034 Hinc
245 1967 358 2032 nescio
386 1988 429 2031 an
451 1988 472 2031 a
493 1967 633 2032 veritate
656 1987 723 2032 non
745 1967 843 2031 nimis
869 1966 1002 2032 aberret
1029 1967 1057 2030 si
1085 1966 1138 2030 cui
1164 1965 1332 2048 posterius

127 2079 349 2162 excogitatum
363 2076 516 2143 videatur
531 2077 573 2143 ad
588 2076 824 2143 eliminandum
839 2078 943 2160 prius,
965 2077 1061 2142 cuius
1075 2082 1204 2142 textum
1220 2097 1334 2159 quem·

127 2189 302 2256 admodum
324 2190 360 2253 in
382 2187 504 2253 nostris
527 2188 695 2254 codicibus
719 2194 883 2270 superest,
913 2189 955 2254 ab
984 2188 1142 2270 exemplis
1170 2188 1334 2271 antiquis·

127 2302 219 2366 simis
242 2301 333 2365 vario
356 2297 454 2364 modo
477 2298 649 2364 deflexisse
672 2299 830 2364 credibile
854 2306 912 2364 est.

213 2410 305 2477 Illud
327 2431 405 2476 vero
433 2411 549 2493 negari
578 2431 643 2474 non
670 2415 794 2493 potest,
821 2412 888 2476 iam
912 2410 1020 2476 media
1043 2416 1154 2477 aetate
1177 2431 1255 2474 eum
1279 2411 1349 2494 qui

130 2528 181 2588 est
202 2522 243 2588 de
266 2522 441 2587 nativitate
464 2521 594 2587 Mariae
615 2521 739 2587 librum
762 2521 805 2587 ad
827 2521 1068 2606 Hieronymum
1090 2500 1261 2587 Matthaei
1291 2523 1361 2586 in-

130 2639 309 2716 terpretem
335 2631 453 2697 referri
481 2632 704 2713 consuevisse,
734 2634 797 2697 etsi
824 2633 1037 2717 antiquorum
1065 2633 1268 2715 scriptorum
1298 2632 1353 2698 de

133 2744 304 2827 evangelio
328 2742 649 2810 Pseudo-Matthaei
676 2744 868 2809 testimonia
891 2765 989 2826 saepe
1013 2744 1147 2808 difficile
1169 2743 1265 2808 dictu
1289 2751 1361 2810 est:

129 2863 244 2922 utrum
272 2859 421 2938 spectent
448 2877 488 2920 ex
511 2854 640 2921 duobus
665 2855 759 2920 libris
787 2856 919 2920 nostris.
963 2855 1099 2920 Primus
1122 2853 1258 2938 quidem
1283 2855 1355 2938 qui

131 2966 252 3031 librum
275 2966 315 3031 de
337 2966 511 3031 nativitate
526 2966 658 3032 Mariae
681 2967 814 3032 nomine
832 2965 998 3031 Matthaei
1020 2967 1216 3049 insignitum
1238 2970 1356 3032 teste-

133 3081 203 3158 tur,
227 3075 449 3142 Fulbertus
471 3076 601 3142 videtur
624 3099 695 3143 esse
719 3077 935 3144 Oarnotensis
958 3100 1043 3144 saec.
1063 3077 1128 3143 IX.
1153 3078 1350 3162 episcopus.

134 3186 184 3253 uf.
202 3208 296 3250 serm.
313 3186 439 3252 eiusde
458 3189 559 3252 nativ.
574 3188 658 3252 Mar.
674 3188 723 3253 II.
739 3195 773 3254 et
794 3188 896 3272 111¹)
920 3191 1052 3271 Postea,
1068 3211 1135 3274 qua
1149 3210 1185 3254 re
1202 3188 1347 3256 Thiloni

222 3411 244 3475 l)
265 3412 304 3463 Cf.
323 3414 458 3464 Bibliotb.
472 3413 523 3464 PP.
536 3413 660 3479 bogdan.
680 3420 745 3463 tom.
757 3414 857 3465 XVIII.
876 3433 902 3480 p.
915 3417 948 3466 38
960 3432 1020 3479 sqq.
1059 3415 1185 3465 Sermone
1203 3414 1339 3468 lIL'beec

134 3499 277 3563 leguntur:
302 3501 399 3549 Exstat
417 3499 541 3563 quaedam
558 3514 608 3546 non
625 3499 724 3548 usitata
741 3500 848 3556 relatio.
869 3516 933 3563 qnae
951 3500 1089 3548 clarissimi
1105 3501 1259 3564 interpretis
1278 3501 1336 3551 Hie·

134 3586 233 3649 ronymi
246 3591 420 3646 praenotetur
436 3585 543 3645 nomine,
567 3586 682 3650 referens
700 3585 797 3634 beatum
815 3587 974 3635 Mattianum
992 3592 1052 3648 poet
1068 3587 1163 3635 editum
1180 3589 1336 3651 mespelium

135 3672 218 3717 ortem
240 3671 382 3733 praefatae
404 3670 515 3732 oiryinie
538 3674 613 3732 atque
637 3669 799 3718 initiamenta
821 3671 939 3733 puerilia
960 3670 1020 3719 Im
1044 3670 1138 3718 carisa
1161 3671 1202 3718 ita
1225 3672 1336 3722 cheneris

134 3769 211 3802 mann
234 3755 348 3817 proprie
370 3755 515 3816 cbeipreaeee
537 3755 634 3804 litteris
650 3755 778 3805 hebraicis
794 3762 822 3805 ni
839 3757 920 3806 nullis
937 3755 1078 3821 infidelium
1099 3755 1167 3804 illud
1189 3756 1269 3806 vellet
1291 3774 1335 3821 pe·

135 3841 189 3886 tere
207 3838 343 3902 superfluis
359 3842 384 3887 et
402 3839 563 3887 mordacibus
580 3839 685 3895 tetidem
708 3857 771 3903 quoe
789 3847 848 3890 tnnc
866 3858 881 3888 a
895 3841 1044 3903 praelibato
1062 3843 1202 3902 interprete
1211 3843 1336 3907 sereniar

136 3928 331 3988 transportata,
359 3925 506 3989 macedam
533 3925 623 3975 obnixe
645 3928 802 3989 petentibus,
830 3929 864 3977 ad
887 3929 989 3992 linquae
1015 3928 1114 3976 tonnae
1136 3929 1256 3977 notitiam
1284 3934 1333 3979 etc.

137 4008 195 4068 Quo
219 4012 278 4060 loco
303 4012 355 4060 etei
380 4011 414 4061 de
438 4013 497 4076 ipso
521 4012 590 4063 libro
615 4013 683 4063 nibil
702 4015 853 4064 accuratius
872 4014 980 4073 defluit,
1005 4020 1086 4079 etque
1105 4015 1169 4065 inde
1188 4016 1336 4079 quodcum

137 4102 218 4156 „ortu
235 4099 368 4161 virginis“
391 4099 581 4157 „initiamenta
600 4100 713 4163 puerilia
733 4101 794 4151 Iesu
813 4099 933 4151 Cbrirti“
956 4103 1102 4152 coniuncte
1124 4100 1193 4151 dicit
1215 4103 1251 4152 ed
1274 4099 1335 4155 alte·

138 4199 193 4232 rum
213 4184 338 4234 concludi
358 4184 455 4234 librum
475 4189 575 4249 potest,
595 4190 685 4237 tamem
704 4188 844 4250 probabile
863 4203 917 4238 non
931 4188 1336 4242 estsermone111.1⁴'nlbertum

139 4267 171 4316 de
190 4269 244 4317 elio
263 4269 364 4332 scripto
383 4285 516 4333 exponere
536 4285 613 4333 quem
632 4269 669 4321 11.
688 4286 817 4330 sermone,
836 4272 890 4329 ubi,
908 4273 1042 4323 Matthaei
1056 4272 1162 4336 quidem
1181 4288 1281 4325 nomen
1299 4283 1337 4326 te·

139 4366 210 4409 cens,
232 4355 310 4417 plura
328 4353 362 4402 ad
382 4353 490 4403 verbum
509 4369 540 4403 ex
559 4353 627 4404 Iibrc
647 4361 740 4406 nostro
759 4356 793 4405 de
812 4357 895 4407 nativ.
914 4357 980 4406 Mer.
999 4358 1086 4406 effert.
1124 4355 1165 4407 Cf.
1183 4358 1255 4408 Thil.
1274 4357 1337 4410 cor.

138 4453 230 4501 apocr.
248 4456 274 4503 p.
292 4438 415 4491 XCVIII.
452 4440 536 4498 Quem
554 4457 646 4506 perum
665 4457 727 4493 vero
745 4443 804 4506 ipsc
822 4442 910 4493 medie
928 4448 1018 4494 aetate
1037 4443 1070 4493 de
1089 4445 1207 4494 auctoris
1232 4445 1338 4496 nomine
