2880 5062
147 205 283 250 mm
615 184 887 236 rnonnoousns.

148 340 254 406 Oura
277 338 471 404 sanitatis
492 336 662 420 Tiberii,
685 359 770 420 quae
792 338 995 420 inscribitur,
1018 339 1168 422 quamvis
1191 360 1232 404 ex
1255 339 1420 410 codd.

149 452 257 517 octavi
279 457 314 514 et
334 449 411 514 noni
435 449 559 514 saeculi
581 449 774 531 innotuerit,
796 453 907 514 aetate
921 447 1062 514 inferior
1077 449 1121 514 sit
1137 471 1237 533 quam
1252 450 1381 518 Vin
1409 492 1427 506 -

149 561 260 627 dicta
280 560 517 627 Salvatoris.

234 670 391 737 Codicum
420 678 607 735 nostrorum
634 671 719 735 alter
751 677 802 736 est
828 671 1006 738 Venetus
1033 671 1197 737 Marcion.
1230 673 1270 737 cl
1296 672 1439 740 Ι]

147 784 217 849 cod.
232 783 351 863 XLV,
375 783 458 850 alter
473 781 654 848 Mediolon.
676 783 859 848 Ambros.
883 783 979 850 035.
1002 783 1123 848 saeculi
1145 784 1214 849 fere
1235 795 1433 867 qual-‘t

147 895 274 961 decimi.
318 894 462 959 Textum
484 915 562 958 vero
586 894 879 976 anglosaxonicum
896 893 1098 988 Goodwjnus
1120 893 1232 959 hausit
1254 916 1273 960 e
1294 916 1353 960 c
1373 919 1434 962 «s

147 1006 218 1071 dice
243 1005 320 1071 bibl.
343 1005 431 1087 publ.
455 1004 655 1088 Cantabrig,
678 1006 735 1088 qui
758 1016 872 1071 estex
895 1005 1070 1071 donatione
1093 1027 1192 1089 quam
1214 1005 1440 1072 Lech-is

147 1119 321 1200 episcopus
344 1116 419 1181 aedi
442 1115 622 1181 cathedrali
638 1116 796 1182 Uxelensi
812 1117 964 1199 (Eneter)
981 1118 1113 1182 ineunte
1133 1117 1267 1182 saeculo
1282 1117 1437 1183 m

51 1246 54 1251 ’
146 1228 233 1293 fecit.
283 1227 383 1292 Alter
410 1231 522 1291 textus
551 1249 648 1310 quem
677 1227 819 1292 diximus
845 1229 951 1310 ASsxl,
982 1233 1032 1292 est
1063 1228 1188 1293 codicis
1216 1227 1435 1296 Cotton

146 1339 223 1404 bibl.
246 1338 346 1421 Vesp.
369 1337 402 1402 D
427 1342 475 1403 14.
520 1338 562 1402 In
584 1339 647 1403 hoc
668 1338 792 1422 legatio
815 1339 983 1404 Nathanis
1006 1338 1076 1404 sola
1097 1339 1259 1422 traditur,
1283 1341 1372 1404 si.
1408 1364 1439 1406 n·

147 1450 257 1533 gulari
280 1448 423 1531 quadam
445 1449 585 1515 dialecto
609 1449 865 1533 anglosaxonica
887 1451 1019 1533 scripta.

150 1656 219 1707 mss
239 1675 298 1708 sero
323 1666 383 1722 post
405 1676 500 1709 menses
522 1661 609 1710 71111
632 1663 684 1710 iam
705 1661 810 1709 wedene
831 1661 858 1708 in
876 1661 935 1710 Ises
955 1660 1054 1709 macro
1075 1659 1191 1711 Tiberius
1209 1663 1341 1712 Caesar
1406 1671 1427 1713 et

146 1759 224 1793 essse
237 1745 331 1808 sactu
348 1761 366 1793 a
379 1745 463 1809 playa
479 1747 584 1809 sirispis'
601 1762 675 1810 wass
692 1746 789 1804 lsobss't,
807 1750 832 1795 et
849 1749 962 1795 mortum
979 1751 1016 1795 est
1034 1747 1061 1794 ἐκ
1079 1745 1172 1796 lectolo
1189 1763 1236 1797 eso
1253 1763 1421 1796 ree-sss·

148 1831 206 1881 beas
227 1830 310 1896 (spud
328 1832 442 1897 Poggtn.
463 1832 563 1897 legitur
580 1833 715 1882 'liberium
739 1834 910 1897 proposuisse
933 1833 1040 1882 ssnstni
1062 1838 1093 1882 ut
1111 1831 1201 1883 Issum
1219 1849 1347 1899 ugnos
1355 1849 1419 1884 ‹s-

147 1922 209 1967 rsnt
230 1932 321 1967 vorum
349 1921 377 1967 et
404 1933 532 1967 summum
556 1919 647 1975 doum,
675 1923 845 1983 ststusmqus
873 1919 929 1967 sius
952 1933 1015 1982 pras
1038 1916 1161 1968 omuibus
1185 1919 1290 1970 esteris
1361 1917 1415 1967 ἰη-

147 2001 250 2066 signem
268 2001 327 2067 urbi
346 2001 524 2064 dsdicsront).
561 2003 619 2051 lttc.
