2880 5062
133 110 195 175 120
436 112 482 160 DE
502 112 715 162 narlvlrara
734 110 879 161 maman.
907 110 980 160 CAP.
999 110 1029 160 X.

132 268 278 344 peccato
302 262 480 344 concipies
505 267 540 327 et
561 263 677 345 paries
700 262 820 326 filium.
867 260 965 324 ³Hic
987 261 1055 325 erit
1071 280 1230 345 magnus,
1251 260 1334 344 quia

133 364 374 430 dominabitur
390 385 410 429 a
425 366 512 430 mari
528 387 640 449 usque
663 366 706 431 ad
723 386 816 430 mare
835 372 870 430 et
886 386 906 428 a
922 363 1064 429 flumine
1083 386 1196 448 usque
1212 364 1252 430 ed
1265 370 1343 430 ter·
1408 358 1424 417 ’ὃ

132 469 245 532 minos
269 466 364 533 orbis
389 474 520 533 terrae:
544 475 579 533 et
600 469 693 534 filius
716 469 880 534 altissimi
896 466 1095 550 vocabitur,
1118 470 1202 552 qnia
1220 468 1345 551 quiin
1421 479 1436 530 ‘r

133 572 237 635 terris
255 578 421 636 nascetur
435 570 589 653 humilis,
611 572 648 635 in
666 573 763 637 caelo
781 578 905 655 regnat
922 571 1098 636 sublimis:
1121 577 1157 637 et
1173 570 1268 636 dabit
1280 568 1349 635 illi
1433 602 1439 639 ῑ

132 675 294 739 dominus
317 676 402 740 deus
427 675 544 740 sedem
560 676 675 741 David
697 677 808 759 patris
830 677 920 756 eius,
944 682 979 740 et
1000 675 1164 759 regnabit
1184 674 1220 738 in
1237 673 1353 739 domo

133 777 241 843 Iacob
266 778 303 841 in
325 784 523 860 aeteruum,
548 784 583 843 et
602 779 702 862 regni
725 779 800 843 eius
823 800 893 842 non
915 779 982 842 erit
998 776 1093 842 finis:
1116 779 1192 860 ipse
1210 777 1357 860 quippe

135 903 196 946 rex
218 904 338 965 regum
363 889 398 946 et
419 882 580 947 dominus
604 883 858 948 dominantium
881 886 948 963 est,
975 887 1010 946 et
1031 881 1180 946 thronus
1203 882 1277 945 eiua
1298 880 1355 947 in

133 984 291 1049 seculum
310 986 431 1050 seculi.
478 989 489 1021 ⁴
506 986 575 1051 His
593 987 709 1070 angeli
725 986 840 1051 verbis
856 987 953 1069 virgo
972 1006 1042 1050 non
1058 983 1256 1066 incredula,
1276 985 1355 1051 sed
1435 1044 1437 1049 .

132 1087 274 1153 modum
300 1090 389 1153 scire
413 1089 534 1154 voleus
557 1089 753 1172 respondit:
786 1087 969 1172 Quomodo
993 1086 1089 1152 istud
1110 1086 1188 1153 fieri
1203 1087 1356 1171 potest?
1432 1136 1439 1173 ·.

132 1190 319 1257 Nemeum
342 1192 419 1274 ipsa
434 1193 544 1257 virum
566 1193 663 1256 iuxta
678 1198 793 1256 uotum
815 1212 929 1256 meum
951 1211 1140 1273 numquam
1157 1210 1353 1275 cognosco,
1427 1235 1429 1239 «

138 1294 311 1377 quomodo
332 1296 407 1360 sine
424 1296 535 1360 virilis
554 1296 697 1359 seminis
714 1296 931 1359 incremento
948 1314 1072 1376 parere
1089 1290 1256 1377 possum?
1279 1288 1349 1360 Ad
1422 1338 1433 1381 2

135 1398 200 1462 hoe
217 1399 379 1481 angelus:
403 1397 458 1463 Ne
477 1399 664 1479 existimes,
682 1398 808 1480 inquit,
825 1396 950 1477 Maria,
968 1395 1061 1479 quod
1078 1395 1230 1462 humano
1245 1416 1346 1463 more
1421 1447 1435 1483 ζ

137 1501 332 1583 concipias:
357 1523 435 1566 nam
453 1502 528 1566 sine
545 1501 638 1565 virili
659 1500 902 1566 commixtione
919 1501 1014 1584 virgo
1033 1501 1223 1584 concipies,
1243 1500 1344 1584 virgo
1415 1544 1437 1583 ·:·

136 1604 263 1686 paries,
285 1605 380 1687 virgo
399 1606 548 1669 nutries:
571 1604 716 1687 spiritus
735 1604 827 1669 enim
845 1610 986 1668 sanctus
1004 1605 1227 1686 superveniet
1242 1605 1275 1667 in
1290 1609 1341 1683 te,
1416 1646 1439 1685 ἰ.

138 1712 173 1770 et
187 1706 298 1771 virtus
316 1707 479 1773 altissimi
501 1707 726 1772 obumbrabit
740 1707 807 1771 tibi
824 1713 947 1772 contra
963 1727 1082 1772 omnes
1104 1706 1247 1774 ardores
1260 1706 1341 1771 libi·
1405 1728 1437 1786 χ’

138 1805 247 1875 dinis:
273 1810 422 1892 ideoque
445 1810 537 1892 quod
556 1816 721 1875 nascetur
738 1816 829 1874 exte
846 1809 958 1875 solnm
978 1810 1046 1875 erit
1061 1816 1235 1893 sanetum,
1256 1809 1337 1893 qnia
1402 1826 1439 1886 ap

137 1912 250 1978 solum
273 1913 348 1977 sine
370 1920 515 1996 peceato
534 1919 742 1995 conceptum
764 1918 799 1977 et
819 1918 940 1977 natum
959 1912 1143 1979 vocabitur
1163 1912 1253 1977 filius
1267 1909 1335 1975 dei.

135 2014 235 2080 Tunc
259 2014 375 2080 Maria
401 2016 561 2082 manibus
590 2017 752 2100 expansis
787 2022 822 2081 et
847 2016 959 2081 oculis
989 2015 1032 2080 ad
1059 2015 1195 2081 eaelum
1218 2011 1334 2081 levetis
1402 2039 1435 2085 rr,-

137 2116 239 2183 dixit:
264 2118 357 2184 Ecce
375 2119 657 2202 anoilladomini‚
676 2140 790 2202 neque
809 2120 900 2184 enim
912 2119 1073 2184 dominae
1086 2116 1334 2200 nominedigna
1400 2141 1439 2179 a:

137 2240 228 2302 sum,
255 2220 316 2286 fiat
336 2220 421 2285 mihi
444 2222 635 2287 secuudum
657 2220 800 2286 verbum
821 2228 930 2285 tuum.
977 2222 989 2256 ⁵
1008 2219 1172 2304 Longum
1193 2221 1275 2289 forte
1290 2216 1326 2281 et
1397 2223 1436 2280 ‘a'

137 2323 346 2405 quibusdam
368 2324 564 2390 taediosum
587 2327 667 2405 erit,
691 2326 719 2390 si
738 2332 864 2389 cuncta
886 2325 969 2389 huic
991 2325 1164 2407 opusculo
1186 2326 1326 2391 inserere

135 2425 347 2492 voluerimus
371 2449 459 2511 quae
485 2429 703 2493 nativitatem
726 2427 935 2492 dominicam
957 2425 1011 2491 rel
1030 2429 1264 2509 praecessisse
1278 2416 1322 2487 rel
1395 2434 1431 2474 ¹42·

136 2530 326 2596 subsecuta
342 2531 451 2597 fuisse
469 2531 632 2615 legimus:
655 2530 748 2596 unde
768 2529 822 2595 his
843 2531 981 2597 omissis
999 2531 1143 2612 quaein
1161 2524 1326 2614 evangelio
1401 2532 1426 2570 '1

137 2633 278 2716 plenius
308 2634 439 2716 scripta
464 2641 561 2716 suut,
588 2634 631 2700 ad
659 2656 700 2699 ea
724 2654 812 2717 quae
834 2635 949 2698 minus
970 2632 1148 2698 habentur
1169 2628 1328 2699 narranda

136 2735 353 2802 accedamus.

644 2888 764 2954 Curua
787 2890 834 2954 X.

223 3044 232 3078 ¹
250 3041 381 3126 Ioseph
403 3044 512 3127 igitur
532 3041 701 3108 aIudaea
723 3045 759 3107 in
781 3042 976 3109 Galilaeam
992 3044 1137 3109 veniens
1155 3043 1343 3129 desponsa·

136 3151 207 3210 tam
224 3144 472 3229 sibivirginem
489 3166 630 3211 uxorem
643 3146 771 3210 ducere
788 3146 1010 3212 intendebat:
1029 3150 1096 3212 iam
1108 3168 1264 3232 namque
1275 3155 1344 3215 tres
1417 3136 1426 3169 ³

134 3248 309 3313 fluxerant
325 3269 463 3313 menses
486 3256 521 3313 et
538 3255 683 3331 quartus
705 3248 862 3314 instabat
884 3270 925 3313 cx
948 3271 988 3316 eo
1012 3257 1171 3333 tempore
1189 3271 1263 3335 quo
1281 3252 1347 3318 sibi
1430 3306 1437 3332 ἰ

136 3350 349 3434 desponsata
374 3351 500 3416 suerat.
540 3350 683 3416 Interea
707 3352 876 3434 paulatim
904 3358 1003 3418 utero
1028 3373 1230 3436 puerperae
1258 3354 1350 3420 intu-
1432 3344 1436 3350 ⁴

135 3460 311 3519 mescente
334 3475 543 3537 puerperam
561 3475 597 3519 se
615 3454 839 3519 manifestare
859 3456 990 3538 coepit,
1015 3476 1130 3538 neque
1148 3455 1219 3521 hoc
1236 3456 1349 3524 latere

203 3667 227 3714 3.
246 3666 307 3728 quia
319 3666 376 3729 quit
393 3664 452 3714 Par.
466 3681 508 3714 om
522 3667 582 3731 quio
603 3662 607 3730 l
627 3665 686 3714 Par.
699 3667 726 3714 in
739 3671 811 3714 terra
831 3663 835 3728 Ι
854 3671 986 3716 noscetur.-
1003 3666 1041 3715 sic
1056 3681 1088 3715 ex
1100 3665 1161 3716 Per.
1174 3666 1267 3716 hausi.
1281 3668 1357 3719 adr.

133 3752 250 3800 nascitur
264 3748 268 3816 l
281 3750 383 3799 David:
402 3752 460 3800 Per.
474 3767 533 3810 om.,
546 3751 612 3800 item
625 3751 652 3798 in
664 3751 736 3799 domo
749 3751 826 3800 Iacob
840 3766 891 3800 om.

202 3839 227 3884 4.
247 3837 328 3885 istud.-
346 3835 404 3885 Per.
418 3852 482 3894 om.,
500 3837 566 3886 item
579 3851 630 3885 om.
643 3853 730 3894 measa,
744 3842 800 3886 tum
814 3836 897 3886 hebet
909 3851 1056 3900 ropnoamm
1075 3833 1079 3898 Ι
1098 3834 1158 3885 Per.
1171 3834 1215 3884 Ne
1227 3838 1352 3906 eelim}

134 3921 206 3984 sirpo
219 3928 284 3971 ante
297 3922 435 3985 concipies:
455 3920 513 3969 Par.
528 3936 578 3968 om.

203 4006 227 4055 5.
246 4006 278 4054 In
296 4012 423 4070 promptu
442 4010 484 4054 eet
502 4005 553 4053 hoc
571 4004 785 4054 additamentum
803 4005 868 4069 tingi
887 4020 945 4055 esee
959 4004 1125 4070 Hieronymi.
1143 4003 1148 4070 Ι
1167 4006 1204 4055 al
1223 4024 1255 4056 ee
1268 4024 1356 4072 quae.-

134 4091 193 4140 Pur.
207 4090 266 4141 add.
280 4092 314 4139 ibi

204 4176 235 4234 x,
255 4180 278 4224 1.
304 4175 345 4225 cf.
360 4176 402 4224 Pe.
416 4176 516 4224 blattlr.
529 4175 560 4223 X.

204 4265 227 4310 1.
246 4262 305 4310 Par.
320 4263 406 4324 luitur
419 4262 509 4324 loseph
524 4258 527 4324 l
543 4262 601 4309 l'er.
616 4262 665 4309 iem
679 4276 784 4325 nomque
797 4262 889 4310 terties
901 4262 991 4310 mensis
1003 4263 1138 4326 effluxerat
