2880 5062
175 374 235 437 124
462 375 630 427 fflsroma
648 376 801 428 rossem.
834 375 907 427 car.
926 376 972 425 lv.
993 376 1024 425 v.
1042 375 1091 426 vn

173 548 294 592 annos
323 524 461 609 Quippe
478 533 643 609 parentes
660 527 773 610 ipsius
791 526 997 592 obtulerunt
1013 545 1088 591 eam
1104 526 1142 589 in
1158 523 1285 607 templo
1300 529 1400 589 tres

172 651 283 694 annos
300 635 432 710 natam,
455 630 653 712 mansitque
676 630 739 694 illa
759 631 795 693 in
814 629 944 712 templo
962 628 1095 694 domini
1112 648 1235 692 novem
1255 647 1398 692 annos.

172 732 270 796 Tunc
293 738 332 796 ut
346 732 511 797 viderunt
531 733 731 799 sacerdotes
749 733 917 816 virginem
939 737 1095 797 sanctam
1117 734 1176 815 (et)
1196 731 1395 795 timentem

173 836 350 900 dominum
367 836 580 917 adolescere,
601 857 637 901 se
654 837 804 901 invicem
820 837 965 901 allocuti
978 841 1060 900 sunt
1070 834 1247 898 dicentes:
1264 831 1394 914 Quae-

172 960 287 1003 ramus
304 940 414 1004 virum
436 941 567 1005 iustum
584 944 642 1025 (et)
659 942 770 1023 pium,
794 942 850 1005 cui
874 939 1111 1005 committatur
1125 935 1241 1002 Maria
1264 957 1390 1018 usque

172 1042 215 1107 ad
240 1050 378 1125 tempus
405 1045 622 1127 nuptiarum:
649 1064 691 1108 ne
718 1044 874 1109 manenti
902 1045 938 1107 in
964 1041 1094 1124 templo
1120 1039 1259 1106 accidat
1282 1039 1389 1122 quod

172 1145 332 1210 accidere
358 1147 449 1211 solet
470 1146 694 1229 mulieribus,
721 1167 832 1230 eoque
855 1146 994 1211 nomine
1017 1164 1220 1227 peccemus,
1246 1147 1282 1208 et
1301 1163 1388 1206 sue-

174 1255 316 1314 censeat
333 1249 434 1315 nobis
453 1251 549 1314 deus.

671 1418 793 1486 Garun
815 1419 878 1487 IV.

257 1574 412 1639 Proinde
439 1577 556 1639 statim
582 1576 720 1640 emissis
746 1574 904 1659 (nuntiis)
931 1576 1167 1637 convocarunt
1193 1570 1374 1638 duodecim

173 1698 274 1743 senes
301 1678 342 1742 de
368 1678 463 1742 tribu
488 1677 588 1743 Iuda.
625 1679 674 1742 Et
700 1679 917 1761 scripserunt
941 1676 1084 1742 nomina
1108 1674 1293 1740 duodecim
1314 1676 1372 1740 tri·

172 1780 279 1844 buum
299 1780 455 1846 Israelis.
488 1780 627 1846 Cecidit
647 1787 764 1846 autem
786 1802 861 1846 sors
885 1801 992 1863 super
1007 1800 1126 1845 senem
1148 1779 1261 1862 pium,
1281 1776 1368 1843 Iose-

171 1884 278 1967 phum
300 1884 442 1949 iustum.
473 1883 573 1949 Tunc
594 1882 848 1967 respondentes
865 1882 1030 1946 dixerunt
1052 1880 1254 1947 sacerdotes
1274 1881 1363 1945 matri

171 2008 268 2052 meae
285 1988 509 2053 benedictae:
541 1987 598 2053 Ito
615 2009 693 2053 cum
709 1986 861 2071 Iosepho
884 1991 920 2051 et
941 1991 1016 2052 esto
1037 1984 1131 2068 apud
1148 1984 1249 2049 illum
1264 2003 1358 2066 usque

172 2088 216 2154 ad
232 2095 369 2173 tempus
387 2091 598 2174 nuptiarum.
633 2087 786 2172 Accepit
808 2110 889 2172 ergo
906 2087 1080 2170 Iosephus
1101 2088 1217 2152 iustus
1233 2091 1356 2151 matrum

173 2212 298 2274 meam,
322 2214 467 2277 eamque
488 2194 635 2259 abduxit
655 2196 692 2258 in
715 2193 855 2259 domum
879 2215 986 2259 suam.
1017 2193 1066 2257 Et
1085 2192 1222 2258 inuenit
1240 2190 1353 2277 (Maria)
1415 2236 1417 2240 -

172 2294 340 2360 Iacobum
362 2298 530 2362 minorem
553 2298 589 2362 in
607 2297 708 2363 domo
725 2299 836 2380 patris
860 2297 936 2362 eius
957 2296 1107 2361 fractum
1131 2296 1246 2362 animo
1269 2301 1352 2375 atque

173 2406 344 2464 moestum
362 2407 506 2484 propter
522 2402 709 2467 orbitatem
726 2402 887 2487 (matris),
911 2407 947 2466 et
962 2401 1125 2467 educavit
1140 2401 1250 2466 illum.
1278 2394 1351 2462 Hinc
1415 2438 1419 2455 .

174 2503 352 2584 appellata
377 2511 431 2569 est
454 2504 569 2570 Maria
593 2510 704 2569 mater
727 2504 860 2570 Iacobi.
905 2504 1046 2569 Deinde
1071 2505 1273 2587 relinquens
1294 2515 1350 2564 eam

173 2604 346 2689 Iosephus
367 2608 403 2671 in
427 2606 527 2672 domo
551 2629 615 2673 sua
639 2608 748 2674 abivit
771 2607 815 2672 ad
839 2607 1011 2672 officinam
1036 2607 1097 2672 ubi
1120 2611 1350 2672 exerceturars

172 2707 310 2774 fabrilis
327 2710 487 2792 lignaria.
525 2710 718 2794 Postquam
734 2732 815 2776 vero
833 2711 949 2794 exegit
966 2716 1089 2776 sancta
1105 2711 1202 2794 virgo
1222 2709 1256 2773 in
1271 2706 1350 2770 domo

173 2813 249 2876 eius
271 2813 467 2893 biennium,
493 2816 587 2879 facta
612 2820 666 2879 est
688 2815 848 2896 praecise
874 2819 971 2880 aetas
998 2815 1074 2879 eius
1097 2805 1352 2897 quattuordecim
1438 2864 1440 2873 .

172 2937 358 2999 annorum,
380 2917 517 2983 incluso
535 2917 640 2982 simul
656 2922 813 3000 tempore
830 2939 899 3000 quo
923 2939 998 2982 eam
1015 2919 1151 3000 recepit
1169 2908 1351 3001 (Iosephust

682 3103 803 3171 Canon
826 3105 869 3173 V.

256 3240 376 3306 Dilexi
400 3245 529 3327 (autem
556 3243 652 3307 illam
677 3242 848 3325 peculiari
871 3242 1033 3327 quodam)
1055 3242 1244 3309 voluntatis
1264 3239 1357 3304 motu,

171 3363 249 3407 cum
265 3342 489 3427 beneplacito
506 3347 617 3428 patris
634 3346 704 3409 mei
721 3351 757 3409 et
773 3345 922 3411 consilio
940 3345 1086 3429 spiritus
1103 3346 1227 3411 sancti.
1258 3337 1361 3408 utin·

170 3452 334 3511 carnatus
361 3446 413 3512 fui
441 3447 483 3512 de
509 3448 586 3529 illa,
612 3449 777 3532 mysterio
799 3453 1037 3514 creaturarum
1065 3449 1215 3514 rationis
1235 3447 1365 3528 captum

171 3555 370 3631 superante.
407 3548 477 3616 Sed
500 3550 629 3634 elapsis
651 3552 918 3634 accnceptione
941 3551 1055 3617 tribus
1072 3550 1251 3616 mensibus
1266 3531 1370 3612 rediit

168 3651 221 3714 vir
242 3651 356 3716 iustus
373 3651 569 3738 (Iosephus)
587 3653 723 3720 deloco
741 3654 802 3718 ubi
825 3659 935 3719 artem
953 3674 1050 3720 suam
1073 3655 1243 3734 exercuit3
1266 3648 1374 3730 atq11⁰
1436 3665 1440 3684 ¹

169 3751 232 3817 ubi
249 3752 660 3839 deprehenditvirginem
676 3763 821 3821 matrem
837 3778 948 3822 meam
964 3757 1151 3840 gravidam,
1169 3760 1279 3822 mente
1289 3759 1381 3816 0011·

168 3856 330 3922 turbatus
364 3860 530 3941 cogitavit
559 3881 634 3925 eam
664 3859 861 3924 clanculum
892 3859 1080 3925 dimittere.
1128 3860 1220 3925 Prae
1248 3848 1387 3923 timor⁰

169 3960 291 4040 etiam,
313 3962 460 4027 tristitia
481 3969 516 4027 et
536 3963 690 4045 pectoris
707 3963 762 4027 sui
782 3963 946 4045 angustia
962 3983 1027 4027 nec
1050 3962 1155 4028 edero
1172 3983 1237 4027 nec
1251 3958 1366 4025 biber
1374 3948 1393 3991 θ

168 4062 230 4127 illo
252 4062 307 4128 die
326 4065 504 4129 sustinuit.

667 4232 788 4301 Carus
811 4234 874 4302 VI.

254 4387 326 4455 Sub
338 4388 490 4454 medium
506 4394 622 4453 autem
632 4388 725 4453 diem
736 4389 901 4472 apparuit
915 4389 984 4472 ipsi
995 4388 1201 4472 angelorum
1210 4388 1397 4474 princeps
1410 4363 1425 4407 ὃ

167 4498 309 4556 sanctus
331 4490 476 4557 Gabriel
492 4491 529 4554 in
546 4491 692 4574 somnio,
714 4491 879 4558 mandato
899 4491 1094 4558 instructus
1110 4493 1223 4575 patris
1239 4492 1315 4575 mei,
1333 4450 1435 4555 fit
