2880 5062
119 356 179 418 176
378 354 612 406 uvenouuluu
632 353 779 403 'IHOMAE
798 352 968 403 LATINUM.
996 351 1058 403 XII.

116 507 207 570 dixit
229 505 370 588 quidam
392 503 487 568 dives
512 503 557 568 ad
578 503 724 586 Ioseph:
758 503 925 583 Domine,
952 501 1007 567 iac
1032 501 1120 566 mihi
1142 500 1323 585 grabatum

118 632 225 675 unum
249 616 284 674 et
305 607 391 673 utile
417 611 452 672 et
473 607 681 689 speciosum.
721 606 809 671 Erat
831 611 948 671 autem
968 603 1100 687 Ioseph
1123 605 1161 668 in
1181 602 1322 669 tribula·

117 714 231 794 tione,
264 712 347 794 quia
371 710 505 793 lignum
531 709 625 792 quod
650 708 803 774 habebat
827 715 944 774 actum
969 708 1013 773 ad
1041 706 1109 772 hoc
1135 727 1228 790 opus
1253 712 1322 771 eret

116 816 231 880 breue.
278 813 524 878 ‘Dixitlesus
546 812 700 878 adeum:
734 811 819 879 Noli
836 812 1048 878 contristari.
1082 807 1320 894 Apprehende

118 918 183 983 hoc
205 918 338 1001 lignum
364 917 407 982 ab
433 938 502 982 uno
525 916 640 999 capite
666 924 702 981 et
726 937 790 1001 ego
815 937 879 1000 per
903 915 1016 996 aliud,
1042 921 1078 980 et
1103 913 1320 979 extrahamus

119 1020 218 1085 illud.
259 1018 363 1102 Quod
385 1024 420 1082 et
440 1017 570 1082 factum
592 1023 655 1083 est.
695 1017 744 1083 Et
764 1017 883 1084 statim
904 1017 1038 1082 Invenit
1059 1015 1150 1081 illud
1174 1015 1262 1081 utile
1280 1012 1320 1080 ad

120 1123 185 1187 hoc
202 1121 297 1206 quod
312 1121 432 1185 voluit.
463 1120 510 1184 Et
527 1120 616 1185 dixit
638 1119 682 1184 ad
697 1120 842 1205 Ioseph:
873 1120 982 1201 Ecce,
1004 1119 1128 1186 labora
1149 1118 1246 1202 quod
1263 1117 1316 1181 ris.

120 1224 248 1307 Ioseph
271 1231 387 1296 autem
409 1245 486 1288 cum
508 1223 655 1288 vidisset
671 1224 765 1306 quod
787 1224 936 1304 fecerat,
958 1223 1171 1307 amplexavit
1192 1241 1268 1286 eum
1289 1224 1317 1284 et

117 1328 222 1393 dixit:
254 1326 388 1391 Beatus
406 1347 482 1391 sum
499 1346 573 1409 ego,
591 1325 685 1408 quod
702 1326 807 1392 talem
824 1325 935 1390 filiurn
951 1325 1050 1391 dedit
1065 1326 1152 1390 mibi
1169 1323 1265 1389 deus.

157 1536 249 1587 Csru‘r
267 1536 328 1586 XII.
365 1534 541 1593 QUALI'IER
564 1534 663 1584 lasus
683 1534 860 1585 'I'RADI'I'US
880 1535 943 1586 EST
967 1535 1015 1586 ΔΙ)
1033 1531 1286 1585 suffiscuunuu

633 1621 814 1671 LITTERAS.

211 1736 284 1802 ¹Et
307 1757 384 1801 cum
405 1735 553 1801 uidisset
572 1735 703 1821 Ioseph
724 1737 816 1821 quod
841 1738 946 1803 talem
972 1738 1121 1820 gratiam
1144 1733 1308 1800 habuisset

120 1846 158 1905 et
175 1846 309 1905 statura
326 1838 520 1920 crescebat,
543 1839 790 1905 considerabat
806 1860 884 1905 eum
901 1839 1040 1906 tradere
1057 1837 1103 1904 ad
1120 1834 1307 1903 discendum

123 1944 271 2008 litteras.
294 1943 343 2007 Et
358 1942 506 2008 tradidit
522 1943 621 2007 illum
637 1944 682 2008 ad
698 1944 805 2009 alium
823 1943 1001 2009 doctorem
1020 1947 1060 2007 ut
1076 1963 1155 2008 eum
1173 1940 1309 2006 doceret.

122 2046 224 2111 Dixit
243 2052 360 2112 autem
380 2046 440 2110 ille
459 2046 582 2113 doctor
601 2048 645 2112 ad
660 2047 803 2131 Ioseph:
836 2046 968 2130 Quales
990 2045 1129 2111 litteras
1146 2042 1313 2110 desideras

123 2149 223 2213 illum
248 2170 395 2231 puerum
417 2148 567 2215 docere?
602 2150 801 2234 Respondit
822 2150 952 2233 Ioseph
979 2154 1014 2213 et
1035 2146 1137 2212 dixit:
1171 2146 1314 2211 Primum

123 2251 209 2315 doce
228 2252 260 2314 ei
277 2250 414 2316 litteras
431 2251 632 2335 gentilicias
650 2259 685 2317 et
699 2258 823 2335 postea
839 2251 1019 2316 hebraeas.
1052 2247 1196 2315 Sciebat
1209 2253 1313 2314 autem

125 2355 248 2420 doctor
264 2354 363 2418 illum
381 2375 457 2420 esse
475 2355 625 2438 optimae
643 2355 917 2439 intelligentiae,
941 2358 976 2418 et
991 2352 1146 2418 libenter
1162 2348 1314 2432 suscipie-

125 2457 186 2522 bat
203 2479 291 2522 eum.
324 2457 465 2522 Etcum
483 2457 686 2540 scripsisset
701 2459 734 2522 ei
749 2458 900 2541 primum
918 2456 1144 2537 versiculum,
1167 2450 1251 2539 quod
1264 2456 1313 2515 est

125 2581 146 2625 a
163 2565 198 2625 et
212 2560 245 2642 b,
263 2559 413 2625 docebat
428 2560 527 2625 illum
543 2581 606 2642 per
622 2560 822 2644 aliquantas
839 2560 956 2639 horas3
973 2559 1075 2626 Iesus
1092 2578 1173 2624 vero
1189 2553 1313 2622 tacebat

124 2670 162 2729 et
186 2663 275 2727 nihil
297 2663 329 2727 ei
353 2663 544 2746 respondit.
592 2663 603 2703 ²
623 2663 725 2728 Dixit
744 2663 846 2728 Iesus
867 2662 912 2728 ad
932 2663 1152 2747 magistrum:
1189 2658 1225 2726 Si
1242 2672 1310 2722 rere

126 2767 293 2851 magister
313 2787 350 2830 es
374 2772 409 2830 et
425 2787 502 2831 uere
521 2768 590 2832 scis
607 2766 760 2848 litteras,
785 2765 841 2830 dic
861 2765 946 2830 mihi
968 2766 1211 2833 fortitudinem
1230 2761 1265 2827 de
1282 2778 1314 2833 ὃ,

124 2943 159 2993 ad
173 2942 245 3006 quod
258 2943 339 2992 ettam
352 2941 542 3005 adscripsimus
553 2942 654 2991 codicis
664 2957 682 2991 n
693 2949 774 3006 caput
784 2941 917 2991 XXXVII.
931 2942 1003 3006 quod
1017 2941 1189 2992 inscribitur:
1206 2938 1315 3002 brieno

124 3044 173 3090 per
185 3029 269 3077 Iesum
281 3028 398 3077 distento.

194 3113 254 3160 XII.
274 3111 314 3161 cf.
329 3129 424 3177 evang.
439 3112 533 3163 Tuom.
547 3113 647 3163 (ireece
660 3115 681 3162 Δ
695 3113 764 3164 XIV.
783 3115 853 3164 Item
866 3113 910 3164 Ps.
924 3113 1024 3163 Metth.
1038 3111 1186 3163 XXXVIII.
1204 3110 1316 3161 ciarum

125 3198 161 3248 ad
173 3198 251 3246 huius
265 3199 353 3248 libelli
367 3200 448 3248 rerba
461 3200 580 3264 proxime
594 3200 728 3250 accedunt
741 3216 808 3265 quse
822 3197 937 3250 Grebius
950 3199 997 3262 (ad
1010 3199 1082 3249 Iren.
1097 3199 1119 3258 1,
1133 3199 1174 3250 17.
1186 3196 1264 3255 i.s.1‚
1276 3190 1318 3242 2⁰·

125 3284 198 3347 apud
211 3283 305 3344 Mass.)
320 3298 351 3332 ex
364 3283 456 3333 codice
470 3283 619 3334 Oxoniensi
632 3282 754 3349 (collegii
768 3283 845 3348 Corp.
860 3283 975 3343 Christi)
988 3286 1119 3347 protulit,
1138 3290 1170 3335 ut
1187 3285 1235 3334 issu
1245 3274 1319 3330 Vbil⁰

126 3366 192 3416 Cod.
206 3383 294 3431 apocr.
308 3366 384 3417 nvn
397 3374 426 3417 et
438 3366 522 3417 LXII.
538 3369 677 3418 iudicarit.
703 3368 818 3434 Legitur
830 3370 901 3420 enim
915 3371 961 3428 ibi,
976 3385 1007 3419 eo
1020 3371 1112 3435 capite
1125 3370 1196 3435 quod
1207 3358 1321 3420 mariti·

127 3460 183 3502 tur:
213 3453 340 3515 Quomodo
353 3454 426 3503 Iesus
437 3454 572 3504 discendus
583 3459 642 3504 erat
654 3455 770 3512 litterae,
790 3456 861 3505 hunc
878 3456 907 3505 iu
920 3455 1040 3506 modum:
1065 3450 1322 3518 recooperuerit&

126 3539 259 3601 imperiose
276 3555 331 3588 eum
343 3540 433 3589 docere
445 3541 566 3590 dicendo.-
590 3540 643 3589 Dic
654 3541 751 3603 Alpis.
775 3542 848 3591 Iesus
865 3558 924 3592 vero
936 3544 1005 3592 dixit
1021 3543 1059 3591 ei:
1086 3542 1124 3592 ra
1135 3542 1196 3590 miss·
1206 3531 1325 3602 sepsi*

127 3625 188 3688 qaid
201 3625 236 3673 sit
245 3626 321 3681 Besa,
334 3628 359 3673 ei
370 3641 415 3688 epo
424 3626 508 3675 dicam
520 3627 568 3675 tibi
578 3627 638 3689 quid
650 3627 684 3674 eii
694 3627 790 3690 Alpis.
810 3627 848 3677 Er
860 3627 890 3676 ob
902 3629 964 3676 iaec
975 3628 1099 3692 mopieter
1111 3629 1196 3677 iratres
1202 3609 1327 3692 pamla

127 3711 223 3767 Iseum5
242 3715 267 3758 et
283 3715 415 3773 postquam
428 3714 558 3773 percussit
573 3728 642 3770 eum,
661 3718 774 3763 esurisse
790 3717 835 3763 est.
860 3713 899 3761 Ex
918 3714 1011 3763 codice
1029 3729 1093 3763 vero
1106 3726 1125 3762 u
1143 3714 1195 3763 bne
1211 3696 1329 3776 pertinet

127 3800 210 3858 ceput
223 3794 370 3844 XXXVIII.
390 3796 461 3860 quod
483 3798 655 3848 inscribitur:
680 3798 721 3846 De
733 3798 841 3861 quodum
857 3800 981 3862 mapr'stro
994 3799 1055 3847 Ieess
1066 3799 1121 3848 uita
1129 3800 1240 3861 priests.
1261 3788 1330 3844 ΒΨ

129 3881 210 3930 verbs
223 3886 301 3929 sunt:

199 3968 222 4014 l.
241 3967 279 4014 Et
291 3983 345 4014 cum
356 3968 461 4017 vidisset
473 3969 525 4018 Ios.
539 3970 599 4033 quic
617 3970 693 4018 talem
703 3986 761 4033 pra.
774 3970 883 4019 babebat
898 3972 1023 4020 strictim
1036 3969 1101 4033 (sie)
1115 3969 1252 4025 mercem,
1268 3964 1334 4014 Μ’

128 4054 254 4103 sideracit
265 4069 319 4101 eum
332 4055 435 4102 trudere
448 4055 482 4102 ad
494 4056 630 4105 discendas
642 4056 753 4106 litteras.
786 4057 880 4106 Ibads‘t
892 4055 956 4119 (sic)
971 4061 1121 4105 ostensorem
1133 4056 1183 4106 aiii
1193 4046 1294 4105 artai
1311 4034 1336 4083 “l

129 4141 232 4188 doceret
243 4155 305 4187 eum.
329 4140 453 4203 Dixitque
466 4138 512 4188 iiie
524 4141 614 4189 doctor
626 4141 661 4189 ad
674 4141 777 4204 Ioseph:
799 4141 906 4203 Qualem
915 4142 1031 4206 proriam
1042 4143 1177 4191 desideras
1183 4141 1297 4205 prtem
1313 4117 1338 4169 ⁶¹

129 4225 232 4274 doceam
243 4225 314 4273 sumi
337 4225 480 4288 Respondit
491 4225 583 4290 Ioseph
601 4230 627 4274 ei
638 4227 705 4275 dieii
717 4227 756 4275 ei.-
779 4227 893 4276 Primam
905 4228 966 4276 doce
979 4243 1034 4275 esses
1047 4227 1151 4277 litterae
1159 4226 1297 4290 perstitisse·
1317 4202 1341 4253 ἰ

126 4315 219 4374 postea
229 4311 359 4359 Ιιεόναεαε.
384 4312 422 4359 Ei
435 4327 489 4359 oum
501 4313 646 4374 scripsisset
657 4313 681 4361 ei
689 4313 800 4376 primam
814 4313 971 4369 castratum,
989 4313 1056 4377 quod
1068 4318 1108 4362 est
1119 4330 1136 4361 c
1152 4317 1177 4362 et
1188 4312 1211 4370 b,
1225 4286 1343 4360 soeaw

128 4414 184 4446 eum
192 4413 242 4460 per
254 4397 404 4461 aliquantos
415 4400 505 4452 loreas
523 4399 596 4447 Iesus
608 4403 690 4447 aciem
703 4399 805 4448 tacebat
816 4403 841 4448 ei
854 4398 919 4447 aiiii
931 4399 955 4446 ei
966 4399 1145 4460 respondebat.
1319 4461 1325 4473 .

199 4486 223 4533 2.
242 4483 320 4532 Diait
331 4499 391 4547 erpo
403 4484 506 4533 tandem
519 4484 553 4534 ad
565 4486 729 4548 magistrum:
754 4484 784 4534 Si
796 4500 854 4535 uere
871 4484 994 4548 mapister
1010 4500 1037 4533 es
1053 4488 1079 4534 ei
1090 4500 1149 4535 vere
1160 4483 1258 4534 litterae
1270 4474 1345 4525 Ιώ
