2880 5062
121 362 162 425 82
331 359 664 412 resono-narrasti
683 360 925 412 EVANGELIUM.
953 359 1028 412 CAP.
1045 360 1117 412 xvi.
1168 400 1170 404 .

209 512 324 578 'Erat
348 518 464 577 autem
489 513 525 576 in
551 511 681 595 templo
708 510 840 575 domini
864 507 971 576 Anna
990 511 1223 594 prophetissa,
1243 509 1295 575 lilia

123 615 300 696 Phanuel,
329 614 370 680 de
393 614 488 680 tribu
508 612 634 696 Assar,
662 633 751 698 quae
776 615 909 680 vixerat
932 634 1020 680 cum'
1035 614 1109 680 viro
1136 634 1197 681 suo
1220 613 1295 680 annis

123 726 256 801 septem
281 738 301 783 a
323 718 525 801 virginit-ate
548 738 626 797 sue3
653 723 688 781 et
708 716 794 782 haec
815 716 919 783 vidua
943 723 1020 783 erat
1042 718 1113 783 iam
1133 736 1196 800 per
1213 735 1296 783 annos

123 823 303 906 octoginta
319 825 483 903 quatuor,
505 839 594 902 quac
611 839 799 902 numquam
817 819 983 886 discessit
996 840 1018 886 a
1032 819 1165 903 templo
1183 817 1296 897 domini,

123 925 266 990 ieiuniis
290 928 325 988 ct
346 923 565 989 orationibus
586 942 724 988 vacans.
769 921 869 988 Haec
888 922 1061 989 accedens
1085 922 1249 989 adorabat
1262 923 1297 986 in·

125 1028 257 1092 fantem
274 1025 395 1092 dicens
414 1027 578 1109 quoniam
594 1027 631 1090 in
648 1026 716 1090 isto
735 1030 790 1090 est
805 1025 998 1110 redemptio
1016 1025 1140 1092 seculi.

603 1194 724 1262 Osrur
746 1195 848 1265 XVI.

209 1338 218 1369 ¹
237 1333 429 1399 Transacto
446 1352 526 1399 vero
544 1333 699 1398 secundo
717 1355 808 1400 anno
825 1341 998 1399 venerunt
1015 1335 1107 1419 magi
1129 1334 1172 1400 ab
1190 1334 1300 1400 oriente

121 1440 157 1502 in
180 1437 476 1520 Hierosolymam,
499 1456 624 1520 magna
645 1435 846 1503 deferentes
867 1456 1021 1503 munera.
1060 1436 1130 1522 Qui
1152 1439 1301 1504 instanter

122 1544 427 1625 interrogaverunt
448 1538 600 1605 Iudaeos
625 1539 797 1606 dicentes:
828 1539 899 1606 Ubi
922 1546 976 1606 est
991 1560 1052 1607 rex
1069 1541 1129 1625 qui
1148 1546 1244 1606 natus
1260 1544 1302 1602 cst

121 1641 243 1708 vobis?
273 1641 435 1710 Vidimus
454 1643 545 1706 enim
561 1643 698 1708 stellam
716 1643 793 1709 eius
815 1643 852 1707 in
869 1643 1020 1724 oriente,
1042 1649 1079 1708 et
1092 1644 1243 1709 venimus
1257 1638 1301 1705 ad·

190 1859 214 1904 3.
234 1869 269 1904 in
282 1855 353 1903 Erat
365 1869 461 1918 qaoque
475 1847 654 1917 lpropbctiesa
672 1858 703 1900 ut
716 1865 766 1911 rr,
786 1863 840 1902 nou
860 1867 902 1902 om
917 1852 920 1917 Ι
935 1853 966 1901 de
982 1851 1052 1902 tribe
1063 1855 1146 1902 Aeser
1157 1859 1188 1903 nt
1199 1863 1272 1907 nor,
1283 1860 1302 1897 ι

121 1955 163 1991 om
179 1940 182 2005 Ι
197 1941 395 1998 comisatorem
412 1951 450 1988 aa
462 1953 542 1986 aanor
556 1935 560 2000 Ι
574 1953 591 1985 e
604 1936 632 2000 (1)
646 1938 683 2000 iis)
695 1938 771 2001 cirpi.
784 1954 831 1986 sua
844 1941 875 1988 ut
887 1949 956 1998 11111ς
976 1949 1012 1989 01)
1025 1954 1068 1988 om
1082 1937 1086 2003 Ι
1100 1943 1126 1988 et
1137 1939 1198 1987 laec
1209 1962 1217 1975 ·
1228 1936 1300 1985 dmm·

121 2028 155 2076 sit
168 2025 195 2088 (1
208 2023 364 2088 discedebat)
378 2024 410 2074 de
423 2023 452 2084 (Α
466 2022 493 2084 a)
507 2027 539 2072 te.
552 2024 646 2072 domini
658 2023 706 2085 (cn
719 2023 772 2085 dei)
786 2023 861 2071 teian.
880 2027 904 2072 et
922 2038 960 2072 or.
977 2039 1072 2073 oacass
1084 2022 1114 2086 (s
1127 2039 1180 2072 coc.
1192 2027 1216 2073 et
1226 2022 1265 2081 or.)
1273 2022 1300 2067 ut

121 2125 207 2169 1111(
229 2123 245 2158 1)
260 2124 322 2159 vero
335 2113 360 2158 et
370 2111 433 2157 boec
444 2109 477 2158 oi.
492 2112 557 2166 erat,
571 2124 633 2172 qaae
647 2125 695 2157 aaa
707 2107 852 2157 discedebat
864 2126 880 2157 a
893 2114 925 2157 te.
938 2109 1033 2158 Matini
1044 2107 1152 2158 LXXX
1162 2108 1232 2157 amis
1240 2106 1299 2155 eim

120 2214 175 2246 eac.
194 2201 219 2244 et
236 2211 274 2244 or.
289 2192 293 2259 Ι
309 2194 383 2243 Haec
394 2193 422 2255 (11
434 2193 473 2242 Et
481 2193 553 2256 baec)
566 2196 688 2243 accedens
706 2194 834 2243 adorabat
845 2193 873 2255 (1
883 2194 1015 2257 adoramt)
1028 2221 1036 2231 -
1050 2200 1088 2244 est
1100 2194 1128 2258 (r
1137 2195 1197 2258 erit)
1206 2194 1251 2242 red.
1260 2205 1300 2239 ser·

121 2291 152 2331 ut
164 2294 251 2340 remu
270 2294 287 2329 1)
300 2295 363 2330 sero
380 2278 451 2341 Quae
463 2279 544 2327 diait:
563 2281 630 2329 Ecce
639 2281 740 2342 positas
752 2284 790 2328 est
803 2281 828 2327 im
841 2280 942 2328 ruinam
960 2284 985 2329 et
1002 2281 1029 2328 is
1041 2273 1300 2330 resurrectionen-sl

120 2374 203 2418 taram
215 2368 241 2415 ia
250 2365 351 2415 lsrael.-
364 2366 444 2429 ipsias
455 2366 564 2412 aniraam
573 2366 744 2429 pertransibit
750 2365 865 2428 gladius,
878 2369 906 2414 at
914 2364 1059 2414 revelentur
1071 2381 1103 2414 ea
1111 2365 1197 2415 mauis
1205 2361 1302 2414 cardilss

121 2452 301 2515 capitaliorem.-
320 2451 363 2513 qui
380 2448 460 2498 secali
476 2450 614 2513 redemptio
632 2455 676 2499 est.
704 2450 772 2499 Tunc
790 2452 886 2499 reversi
904 2455 963 2499 cart
980 2466 1035 2499 cam
1051 2466 1080 2500 eo
1088 2455 1210 2516 parentes
1224 2445 1303 2498 sissi·
1346 2464 1349 2511 Ι

120 2537 257 2587 Bethleem.
1347 2520 1349 2533 Ι

189 2621 259 2680 xvi,
279 2624 302 2670 1.
330 2620 471 2669 Tramacto
489 2636 549 2670 cero
566 2621 674 2670 secando
692 2636 758 2670 aeno
777 2627 911 2680 emerant,
928 2627 960 2672 ut
972 2635 1002 2681 Α,
1020 2623 1087 2672 item
1099 2635 1117 2671 1)
1129 2623 1168 2672 Et
1184 2615 1307 2670 mammii*

120 2709 216 2759 daubus
234 2708 309 2756 anais
320 2723 376 2754 ecce
388 2710 522 2763 oersersat,¹
541 2707 668 2756 similiter
680 2719 697 2754 1
712 2697 854 2757 transacto
866 2712 949 2757 autem
962 2723 1028 2757 arao
1040 2713 1169 2758 omnei-
1193 2706 1306 2756 eostur

123 2794 271 2844 mamaeae
283 2796 366 2840 aetem
378 2791 473 2839 duoles
484 2791 571 2840 diebsm
582 2796 717 2850 reserant,
735 2796 763 2842 et
775 2806 794 2841 1)
808 2791 853 2855 (ut
865 2793 916 2842 ism
929 2793 1045 2843 relatum
1058 2793 1113 2858 est)
1128 2795 1214 2844 Tertia
1223 2791 1309 2841 aeine

119 2897 179 2931 aero
191 2880 232 2928 die
244 2881 372 2927 ceurent-
392 2876 431 2925 De
445 2877 487 2925 his
500 2877 663 2926 lectionibus
676 2886 797 2928 statuere
809 2878 923 2928 difficile
935 2885 986 2927 cst.
1005 2878 1075 2928 Puto
1087 2885 1179 2931 temen
1191 2894 1206 2928 e
1217 2876 1310 2927 ructu·

120 2967 199 3017 anuis
212 2965 303 3028 potius
315 2960 521 3027 regrediendum
535 2963 620 3012 visum
633 2977 691 3012 esse
705 2978 783 3027 quam
796 2979 812 3012 s
825 2961 928 3013 duobus
941 2963 1036 3014 diebus
1054 2964 1089 3014 sd
1102 2965 1216 3016 totidem
1232 2966 1310 3013 11106

121 3047 354 3116 progrediendum.
379 3046 528 3097 Videbatur
546 3048 616 3097 enim
631 3048 728 3111 corrigi
741 3049 860 3098 narratio
877 3050 900 3098 si
912 3063 1048 3114 magorum
1067 3049 1200 3101 adventus
1211 3046 1313 3114 propint

121 3136 154 3187 ad
167 3136 285 3198 reliques
303 3148 346 3182 res
359 3132 581 3182 Bethleemiticas
600 3133 750 3184 accederet.
774 3134 845 3184 Hinc
858 3139 900 3184 est
913 3135 983 3198 qnod
1003 3135 1031 3184 iu
1045 3135 1140 3186 codice
1157 3148 1176 3186 1)
1193 3136 1244 3199 ipss
1258 3131 1311 3180 sin·

121 3223 241 3287 galerum
250 3234 337 3268 rerum
348 3217 412 3267 ordo
425 3223 544 3266 mutatus
555 3223 612 3277 est;
624 3234 676 3283 quo
687 3227 729 3269 est
739 3220 862 3270 effectum
873 3223 904 3270 ut
916 3221 987 3286 megi
999 3221 1128 3272 venirent
1136 3221 1314 3271 Betilienum

121 3311 264 3371 antequem
278 3320 343 3370 puer
356 3304 384 3353 in
397 3304 499 3367 templo
513 3303 660 3355 offerretur.
681 3305 806 3364 Quacum
817 3320 845 3356 re
859 3306 986 3356 cohaeret
999 3306 1071 3371 quod
1084 3307 1155 3358 idem
1168 3305 1316 3357 inmiscet

120 3407 255 3458 magorum
274 3390 459 3440 adorationem
477 3394 505 3439 et
523 3405 616 3439 necem
629 3392 864 3442 Bethleemiticam
881 3392 934 3441 iter
947 3391 1063 3442 Herodis
1077 3392 1222 3444 Romanurn
1237 3387 1316 3439 unius

121 3479 186 3528 anni
199 3475 386 3527 intercessisse
400 3475 476 3525 tecit.
494 3475 607 3525 Accedit
621 3476 691 3540 quod
705 3491 772 3540 quae
785 3477 904 3540 proxime
917 3481 1066 3541 sequuntur
1079 3478 1113 3528 de
1125 3493 1207 3543 puero
1217 3477 1243 3526 io
1253 3473 1316 3522 sinu

120 3564 214 3613 matris
227 3562 354 3618 adorato,
372 3561 456 3624 magis
470 3560 600 3624 quadrare
612 3561 775 3612 videbantur
792 3562 821 3612 in
840 3563 973 3613 infantem
986 3562 1098 3614 duorum
1117 3566 1174 3615 tere
1191 3560 1317 3613 monsieur

122 3664 198 3712 quam
212 3662 341 3697 annornm
354 3646 476 3696 totidem.
501 3645 583 3705 Quam
598 3647 705 3711 quidem
719 3649 852 3699 rationem
865 3652 927 3712 post
939 3663 1046 3713 qnoque
1058 3651 1148 3714 poetis
1157 3649 1250 3700 aetatis
1260 3651 1318 3696 me·

121 3733 181 3782 diae
194 3732 323 3796 imprimis
342 3732 475 3795 placuisse
494 3736 603 3782 constat
622 3731 669 3794 (ct.
688 3732 793 3784 Schede
810 3735 829 3784 l.
841 3735 860 3783 l.
879 3749 939 3800 pag.
953 3736 987 3784 88
1005 3732 1057 3799 sp.)
1082 3733 1205 3786 Ceterum
1222 3730 1319 3784 notetn

121 3819 232 3883 dignum
245 3822 287 3868 est
301 3816 371 3880 quod
384 3818 436 3866 iarn
449 3817 482 3866 eb
496 3829 605 3868 anctore
619 3817 714 3882 Operis
728 3820 832 3883 impert.
846 3821 874 3869 in
888 3819 987 3870 Mstth.
998 3820 1090 3870 homil.
1100 3822 1126 3870 2.
1139 3822 1250 3871 retertur
1260 3822 1319 3866 Μ’

122 3903 189 3952 ditio
209 3918 239 3953 ex
253 3919 305 3966 qua
317 3903 401 3967 magis
415 3902 525 3953 duorum
538 3920 668 3954 annorum
681 3906 734 3955 iter
746 3905 899 3955 faciendum
912 3907 1004 3956 luerit.
1030 3904 1158 3957 Codicum
1174 3903 1321 3957 suamet»-

120 3995 175 4038 tem
194 3988 265 4052 quod
282 3989 398 4046 attinet,
418 3987 469 4038 duo
488 3996 560 4040 certe
580 3988 613 4041 de
631 3991 743 4041 biennio
762 3992 952 4049 consentiunt,
975 3991 1010 4041 sd
1030 4006 1096 4056 qnos
1114 3976 1324 4057 111111111ᾰίι

119 4075 203 4125 lectio
210 4087 227 4122 u
234 4073 342 4131 codicis,
353 4075 399 4136 qui
406 4074 585 4138 antiquiorem
591 4077 751 4140 scripturam
758 4076 865 4127 videtur
870 4078 1015 4127 retinuisse
1026 4078 1079 4128 nisi
1087 4078 1158 4142 quod
1168 4057 1325 4138 „meando”

120 4160 258 4210 abiecerit.
283 4159 389 4222 Reliqui
402 4174 464 4208 vero
477 4160 529 4210 duo
547 4162 614 4211 satis
634 4160 762 4212 differunt
781 4161 883 4212 dierum
901 4177 1023 4221 numero,
1041 4178 1092 4214 nec
1111 4169 1202 4215 tamen
1218 4155 1328 4212 estet¹¹

120 4246 199 4295 alteri
212 4245 324 4295 alterum
338 4246 482 4308 praeferas.
497 4243 501 4311 Ι
516 4248 542 4295 is
554 4247 601 4310 (so
614 4248 668 4311 om)
680 4249 884 4315 Hierosolymam
896 4249 924 4311 (1
937 4248 1043 4308 -ls'mam,
1059 4263 1077 4300 a
1090 4247 1270 4309 Ierseolimass)
1283 4230 1333 4286 ut

121 4343 188 4389 ecs3
208 4345 226 4379 n
240 4332 265 4377 ia
278 4329 463 4396 Hierosolymis
478 4330 483 4396 Ι
494 4348 587 4395 mapsa
595 4334 738 4399 deserentes
750 4334 801 4398 (sic
814 4334 899 4398 111111)
912 4351 1016 4384 marera
1028 4334 1056 4398 (rr
1069 4352 1135 4386 mss.
1147 4337 1199 4401 des.
1211 4333 1279 4396 malr
1317 4322 1336 4359 ⁶

120 4433 202 4481 mapa.
215 4431 280 4464 mam.
294 4416 365 4482 offer.
384 4415 388 4482 Ι
408 4428 479 4466 oom
491 4434 537 4466 rea
555 4416 559 4484 Ι
580 4421 624 4483 qai
641 4419 812 4482 1111111110)
826 4420 1021 4484 om)oobie(c1>
1034 4422 1115 4485 subm)
1136 4422 1140 4488 Ι
1159 4435 1179 4472 1)
1192 4437 1232 4473 om
1243 4414 1343 4469 esi&

120 4505 184 4553 item
198 4514 216 4551 1
226 4502 287 4559 eise,
300 4502 391 4552 itemc
404 4504 430 4550 ie
442 4504 532 4552 orient.
548 4501 551 4567 Ι
565 4507 689 4555 omissuri
701 4519 718 4554 1)
732 4505 785 4556 add
795 4522 849 4554 cam
858 4507 1000 4555 maneribus
1014 4516 1018 4572 Ι
1032 4507 1107 4557 Haec
1119 4509 1149 4570 (1
1161 4506 1214 4559 stt
1224 4478 1348 4555 cstefl'l
