2880 5062
122 335 164 397 64
336 333 670 385 Peenno-marafim
688 334 930 385 EVANGELIUM.
958 334 1032 385 CAP.
1050 335 1111 385 vll.

124 486 253 550 cotidie
271 483 315 548 ad
331 484 476 548 meliora
492 483 708 566 proficiebat.
737 485 748 518 ⁸
765 483 869 548 Hanc
886 506 985 550 nemo
1003 486 1210 550 irascentem
1224 484 1297 565 vidit,

124 587 213 652 hane
242 588 508 654 maledicentem
540 607 717 670 nunquam
749 587 842 652 ullus
873 588 1015 652 audivit.
1062 586 1184 654 Omnis
1209 596 1299 653 auten

124 713 235 757 sermo
254 692 328 756 eius
350 693 400 755 ita
416 696 491 754 erat
507 690 620 773 gratia
636 688 777 772 plenus,
801 697 840 754 ut
857 697 1130 774 cognosceretur
1151 691 1188 754 in
1205 690 1299 774 lingua

125 795 199 858 eius
212 815 288 859 esse
300 794 397 858 deus
423 791 568 876 Semper
584 794 619 856 in
634 794 791 857 oratione
802 793 856 857 vel
868 795 1082 858 scrutatione
1095 792 1300 876 legisperna-

124 896 243 978 nebat,
267 903 302 961 et
324 902 399 961 erat
416 895 569 960 sollicita
585 896 679 961 circa
696 897 808 960 socias
827 918 921 977 suas,
946 917 988 962 ne
1011 895 1131 979 aliqua
1147 917 1190 961 ex
1204 896 1250 961 eis
1264 893 1301 960 rel

123 1001 159 1064 in
179 1022 248 1066 uno
267 1021 425 1065 sermone
442 1004 620 1082 peccaret,
643 1019 706 1062 nec
728 998 847 1082 aliqua
867 1001 993 1064 inrisu
1014 998 1187 1064 exaltaret
1203 1018 1301 1064 sonum

124 1125 224 1168 suum
240 1124 305 1167 nec
322 1103 441 1185 aliqua
456 1102 492 1165 in
510 1102 649 1165 iniuriis
672 1108 732 1164 aut
748 1101 784 1164 in
802 1101 968 1184 superbia
984 1102 1078 1166 circa
1093 1121 1212 1183 parem
1227 1120 1301 1167 suan

124 1208 302 1271 existeret.
336 1202 419 1269 Sine
441 1204 701 1268 intermissione
723 1202 958 1268 benedicebat
974 1202 1092 1282 deum3
1117 1210 1153 1267 et
1172 1225 1215 1269 ne
1232 1202 1300 1268 forte

122 1309 174 1373 vel
197 1309 232 1371 in
253 1307 466 1372 salutatione
491 1326 553 1370 sua
575 1303 774 1370 alaudibus
793 1306 850 1370 dei
872 1306 1073 1386 tolleretur,
1101 1305 1226 1388 siquis
1246 1324 1301 1369 een

125 1410 316 1491 salutabat,
338 1408 401 1473 illa
421 1429 483 1491 pro
502 1407 713 1473 salutatione
730 1411 784 1472 deo
796 1413 918 1495 pretias
934 1406 1182 1492 respondebat.
1217 1406 1301 1473 Deni-

124 1535 191 1596 que
203 1513 351 1595 primnm
368 1512 410 1576 ab
429 1532 470 1576 ea
487 1511 571 1575 exiit
586 1511 804 1592 uthominea
824 1532 899 1576 cum
912 1533 947 1576 se
961 1512 1109 1576 invicem
1120 1509 1300 1587 salutarent,

123 1619 175 1679 deo
192 1620 312 1700 pretias
334 1613 598 1697 responderent.
632 1612 770 1678 Cotidie
792 1634 995 1696 essequam
1017 1611 1060 1678 de
1082 1634 1187 1678 manu
1207 1609 1300 1695 angeli

124 1718 320 1800 accipiebat
340 1721 417 1799 ipsa
433 1721 569 1780 tantum
586 1714 824 1797 reficiebatur3
847 1737 961 1780 escam
980 1737 1060 1781 vero
1081 1736 1184 1798 quam
1207 1733 1303 1796 apon-

123 1821 277 1886 tificibns
295 1818 577 1901 consequebatur
592 1819 807 1901 pauperibus
825 1818 1011 1883 dividebat.
1045 1818 1258 1902 Frequenter
1267 1815 1304 1878 ri·

125 1924 255 1988 debant
271 1943 348 1986 cum
370 1943 411 1986 ea
431 1920 574 2004 angelos
596 1920 708 2004 loqui,
732 1928 767 1986 et
784 1923 883 2005 quasi
905 1921 1076 1986 carissimi
1100 1922 1175 1986 eius
1197 1919 1303 1986 obten-

124 2026 295 2109 perabant
317 2025 359 2088 ei.
397 2022 434 2089 Si
457 2024 535 2106 quis
559 2029 674 2088 autem
696 2025 738 2088 de
761 2023 1018 2089 infirmantibus
1040 2025 1214 2107 tetigisset
1234 2038 1302 2097 eam,

126 2129 239 2194 salvus
257 2127 300 2191 ad
318 2126 456 2191 domum
474 2148 570 2191 suam
588 2126 708 2191 eadem
726 2128 812 2192 hora
828 2127 1014 2191 remeabat.

194 2357 218 2402 3.
237 2353 314 2402 Hane
329 2369 398 2401 nemo
417 2352 494 2400 irase.
514 2352 561 2414 (sn
575 2353 651 2400 irasc.
669 2352 766 2414 nullus)
783 2353 856 2409 cidit,
874 2350 1015 2399 hanamal.
1034 2367 1110 2414 nanq.
1130 2350 1198 2399 allas
1213 2348 1252 2411 (AB
1265 2359 1302 2393 Μ

123 2439 228 2501 madert.)
241 2439 340 2487 audivit
352 2445 383 2486 ut
396 2449 463 2486 aas:
483 2449 518 2486 cn
532 2437 609 2486 Hanc
619 2437 712 2486 maleit.
725 2453 850 2501 nunquam
864 2436 932 2485 allus
945 2438 974 2498 (n
987 2435 1073 2484 naum
1084 2434 1202 2500 unquam)
1213 2430 1299 2484 aedbit,

124 2527 190 2574 bane
202 2525 278 2573 irase.
291 2538 417 2587 scirpeam
429 2522 498 2571 ullas
510 2524 560 2571 eid.
580 2521 583 2586 Ι
602 2527 700 2572 antem:
717 2536 733 2570 a
747 2537 786 2570 om
807 2523 811 2586 Ι
832 2524 858 2570 in
871 2522 959 2584 linpna
971 2523 1024 2569 eires
1036 2537 1089 2570 esse
1101 2522 1163 2570 deus
1174 2528 1203 2570 ut
1213 2530 1271 2574 um
1285 2524 1299 2560 1

123 2611 185 2659 deus
196 2611 223 2657 in
236 2610 324 2672 binpna
336 2610 402 2665 eiam
415 2621 431 2658 c
445 2610 470 2656 in
483 2609 561 2673 tinpu.
575 2611 628 2658 eins
640 2610 681 2657 dei
693 2610 789 2657 veritae
801 2604 805 2672 Ι
820 2612 846 2657 et
859 2608 902 2671 (ut
915 2621 983 2666 ηις
997 2619 1033 2656 01>
1046 2607 1097 2669 eet)
1109 2607 1253 2657 scrutatione
1262 2600 1298 2662 (ὓ

120 2696 248 2761 persora.)
262 2721 270 2730 ·
280 2695 446 2758 permanebat
458 2694 505 2756 (nn
517 2695 659 2755 insistebat)
675 2693 677 2757 Ι
693 2699 718 2742 et
729 2699 787 2742 erat
799 2693 829 2757 (n
842 2699 900 2743 erat
912 2693 1005 2754 autem)
1018 2692 1133 2742 sollicita
1145 2718 1154 2729 ·
1167 2708 1209 2741 nee
1219 2689 1257 2752 (cll
1266 2682 1297 2741 Ml

124 2782 213 2845 aliqua
230 2782 256 2828 in
269 2806 278 2816 ·
291 2797 336 2827 nee
349 2778 396 2840 (on
408 2778 450 2841 ne)
463 2779 552 2843 aliqua
566 2806 573 2815 -
587 2784 632 2828 aet
649 2778 675 2841 (c
695 2779 748 2828 add
760 2779 797 2840 in)
815 2779 933 2843 superbia
952 2778 981 2840 (n
998 2779 1124 2827 iniuriosa
1143 2782 1188 2827 ant
1201 2765 1297 2840 repnte)

123 2870 155 2915 ut
167 2879 255 2924 Δευιις
275 2879 292 2913 Δ
310 2870 335 2913 et
352 2865 435 2913 sellie.
448 2870 548 2913 eratne
560 2865 647 2928 aliquo
659 2881 771 2914 sermone
780 2869 900 2927 peccaret
917 2865 987 2911 circa
1003 2865 1101 2919 sociam
1119 2864 1206 2913 deinde
1218 2852 1298 2910 timul

124 2968 154 3000 ne
166 2951 227 3015 qaid
239 2951 266 2998 in
277 2951 332 2999 risa
345 2954 391 2998 aut
397 2950 507 3014 paterae
519 2951 588 3000 roris
599 2966 658 3000 sono
671 2951 844 3007 ammitteret,
857 2955 903 2999 aat
914 2949 1002 3013 aliqua
1015 2951 1113 2998 iniuria
1131 2953 1176 2999 aest
1186 2931 1297 3012 apelii

124 3038 194 3085 circa
208 3051 299 3101 parem
316 3051 387 3084 enimn
399 3037 471 3084 eene.
485 3040 516 3084 ut
528 3049 563 3085 nn
577 3035 636 3098 (sed
649 3036 702 3085 add
714 3036 810 3097 elata).·
828 3047 863 3084 cn
876 3037 947 3083 eirca
960 3034 989 3096 (n
1002 3035 1076 3099 erpa)
1084 3039 1186 3100 patrem
1196 3044 1256 3082 men
1264 3021 1299 3072 ⁰⁸¹

124 3121 154 3184 (n
168 3126 193 3170 et
204 3122 243 3183 in)
259 3125 365 3170 matrem
377 3122 505 3169 existeret.
530 3121 588 3170 Hoc
608 3123 667 3170 loco
681 3122 708 3170 in
727 3133 746 3169 D
764 3136 832 3183 qnae
845 3119 1011 3184 praecedunt
1029 3125 1200 3184 repetuntur,
1215 3131 1240 3168 sc
1255 3111 1299 3161 f⁰l⁶

125 3210 153 3257 in
166 3207 272 3256 modum
286 3222 338 3270 quo
352 3219 369 3253 Δ
383 3205 473 3254 hebet.
503 3206 659 3255 Praemissis
673 3207 743 3255 enim
756 3206 844 3254 verbis
857 3206 910 3254 sine
923 3206 1106 3254 intemnisss'one
1118 3206 1236 3255 domm
1245 3198 1300 3246 ΙΝ

123 3294 220 3349 dicere,
240 3296 266 3340 et
277 3296 362 3341 cetera
375 3292 504 3354 scriptum
518 3291 555 3339 ibi
569 3291 606 3339 sie
621 3296 676 3340 est:
700 3292 772 3340 Erat
783 3295 866 3340 aetem
878 3290 992 3340 sollicita
1003 3306 1034 3338 ne
1046 3290 1134 3354 atiquo
1146 3301 1248 3340 sermou
1255 3289 1301 3346 W

123 3383 196 3427 earet
208 3380 278 3427 eirca
290 3378 452 3433 sociassem,
466 3381 490 3424 et
500 3376 602 3424 timebat
613 3392 644 3424 ne
656 3378 717 3440 qaid
729 3378 784 3425 risa
796 3376 837 3425 vel
848 3392 908 3426 sono
920 3377 988 3425 vocis
997 3376 1176 3433 committent,-
1191 3368 1268 3424 dead
1276 3371 1304 3409 θ’

123 3465 213 3528 aliqua
229 3465 355 3513 sociassem
373 3463 427 3511 eine
443 3463 471 3510 in
489 3463 585 3510 iniuria
604 3467 650 3510 aad
668 3463 787 3526 snperbia
804 3467 895 3511 contem
910 3466 1032 3525 parentes
1044 3477 1102 3512 sees
1114 3461 1185 3511 elata
1195 3445 1305 3510 Μ

124 3548 180 3598 Iam
194 3550 330 3613 seqnitur:
349 3548 409 3597 Sine
420 3548 556 3596 intermine.
570 3547 730 3597 benedicebat
740 3549 820 3596 deum
837 3544 842 3613 Ι
855 3547 939 3595 bened.
951 3547 1038 3595 denm:
1050 3562 1068 3596 Α
1080 3549 1204 3598 domim
1215 3533 1287 3595 bestb
1301 3522 1306 3587 Ι

123 3633 164 3682 vel
176 3634 203 3681 in
214 3633 262 3682 sal.
275 3650 322 3682 saa
334 3640 365 3682 ut
375 3646 422 3691 sn;
437 3644 452 3682 c
465 3649 507 3681 om
520 3632 560 3681 eei
572 3635 607 3689 in,
619 3647 638 3682 1>
650 3634 677 3681 in
689 3633 766 3682 salat.
779 3649 828 3681 sea
839 3632 879 3681 sel
890 3632 996 3698 adipsal
1012 3650 1029 3680 a
1042 3632 1113 3683 land.
1125 3634 1168 3683 dei
1178 3636 1209 3682 ut
1219 3622 1309 3680 aovi*

124 3736 142 3768 a
155 3719 224 3767 laad.
237 3719 332 3768 domini
348 3714 352 3782 Ι
372 3719 508 3768 tolleretur
523 3725 554 3767 ιιι
567 3730 620 3768 cns
638 3735 645 3776 3
664 3734 682 3767 n
695 3723 807 3768 cessaret
826 3716 829 3782 Ι
850 3718 983 3768 salutabat
999 3723 1030 3767 nt
1048 3730 1100 3778 ους
1116 3714 1274 3769 sceleraret.
1293 3709 1310 3745 ¹

124 3804 239 3854 salutare
257 3803 357 3852 volebat
376 3801 380 3868 Ι
396 3821 446 3867 pro
459 3804 536 3853 saint.
554 3811 585 3854 ut
598 3818 648 3863 sn3
668 3816 703 3854 cn
722 3805 775 3853 add
793 3821 840 3854 ssia
854 3804 857 3869 Ι
872 3805 1002 3868 Denique.-
1020 3819 1038 3853 s
1055 3804 1128 3866 Quod
1142 3802 1146 3872 Ι
1160 3804 1227 3867 sitis
1241 3780 1313 3863 affl)

123 3891 233 3939 beminen
251 3915 259 3924 ·
278 3890 460 3952 responderent
476 3895 507 3939 ut
525 3904 578 3950 ns;
597 3902 630 3938 cn
647 3895 675 3939 et
693 3907 746 3939 ceni
764 3890 906 3939 resalutant
923 3891 950 3951 (n
967 3891 1026 3939 dnm
1040 3890 1196 3947 resalutant)
1213 3879 1316 3938 beaw

124 3977 207 4026 sancti
224 3975 270 4023 deo
284 3975 387 4038 pretias
403 3976 491 4024 dicant
511 3975 514 4039 Ι
536 3976 634 4025 Cotidie
651 3975 678 4037 (ιι
699 3976 752 4024 add
771 3975 864 4038 autem)
884 4002 892 4012 ·
912 3976 1074 4041 reficiebatur
1095 3982 1126 4025 nt
1144 3987 1192 4034 εις
1216 3989 1233 4023 n
1248 3963 1319 4018 Εἴθ’

125 4078 198 4126 qaam
217 4061 309 4110 cotidie
327 4087 336 4097 ·
353 4077 379 4109 se
394 4061 537 4126 reficiebat;
561 4076 580 4111 n
596 4062 667 4111 Esca
688 4078 746 4110 vero
765 4078 838 4125 qaam
856 4087 864 4097 ·
883 4063 992 4111 cottidie
1009 4063 1166 4127 accipiebat,
1187 4063 1261 4126 ipm
1275 4050 1320 4093 ’θ’

116 4147 226 4212 finiebat
239 4147 242 4210 Ι
254 4146 417 4211 pontificibus
433 4150 464 4194 ιιι
477 4160 529 4205 nn;
549 4159 581 4195 cn
595 4147 648 4197 edd
665 4146 752 4211 templi
766 4150 769 4210 Ι
783 4163 865 4195 eseam
877 4163 935 4195 aero
948 4153 1005 4196 etc:
1025 4160 1043 4195 n
1061 4147 1129 4196 iliud
1141 4152 1223 4196 autern
1233 4124 1301 4209 affl
1316 4141 1322 4152 ’

120 4249 201 4297 paup.
220 4233 348 4296 crepabat.
371 4230 374 4294 Ι
390 4233 508 4280 videbant
525 4240 567 4282 etc
586 4238 617 4281 ut
629 4247 660 4291 n;
680 4246 714 4282 nc
732 4232 883 4281 ridebantur
901 4259 909 4268 ·
928 4232 1014 4296 anpeli
1031 4233 1073 4281 dei
1091 4232 1118 4295 (c
1132 4233 1185 4296 om)
1203 4222 1284 4295 least*
1307 4213 1324 4250 Ἡ

123 4317 257 4366 ridebatur
271 4344 278 4353 -
291 4319 397 4381 enpetae
408 4319 449 4366 dei
462 4318 531 4382 loqui·
545 4316 548 4383 Ι
563 4323 587 4368 et
600 4320 673 4382 qnasi
685 4334 811 4368 emessam»
823 4334 877 4366 esus
886 4323 917 4367 ut
929 4331 959 4376 ιιι
978 4330 1013 4367 cn
1026 4323 1051 4368 st
1063 4320 1138 4383 quasi
1150 4318 1287 4369 emnem
1314 4300 1327 4335 Α

123 4408 149 4452 et
160 4403 351 4467 ditipentiesime
371 4401 374 4469 Ι
395 4404 599 4468 obtensperabant
611 4410 718 4453 utscns
737 4419 756 4454 1>
772 4405 946 4469 obtemperans
960 4402 963 4470 Ι
978 4409 1075 4453 autern.-
1092 4418 1189 4463 nom,
1201 4420 1219 4454 s
1230 4409 1270 4453 01⁰
1291 4379 1301 4446 b
1317 4383 1330 4420 ι

123 4506 154 4539 ea
165 4490 274 4556 infirmis
284 4488 288 4554 Ι
302 4490 429 4539 remeabat
441 4498 471 4539 ut
484 4504 537 4548 sn3
555 4501 588 4539 ca
600 4490 775 4539 revertebatur
787 4490 814 4553 (a
827 4491 914 4540 salves
925 4490 957 4539 ab
968 4508 999 4540 ea
1011 4491 1098 4541 eaden
1109 4493 1175 4542 bora
1185 4472 1296 4541 reneri)
