2880 5062
255 344 589 396 esnone-narrum
603 347 843 398 svsuonnruu.
861 347 1064 401 amersten
1135 344 1139 349 ’
1222 348 1263 411 53

107 494 168 559 suis
184 495 361 577 prioribus
378 515 441 577 per
458 516 641 560 successus
658 503 853 579 temporum
871 505 1112 579 susceperunt.
1156 498 1262 563 Hune

99 604 176 661 ntem
188 599 302 680 ipsum
313 597 442 661 librum
455 618 532 662 eum
543 619 731 681 numquam
747 599 854 664 alicui
865 600 1147 665 transferendum
1157 602 1264 666 tradi-

99 706 197 780 ,erunt
209 706 428 766 textumvero
441 701 516 765 eius
528 701 632 766 aliter
642 701 813 784 aliterque
825 701 1058 785 tradiderunt,
1071 703 1121 767 sio
1131 703 1263 769 factum

99 810 127 867 st
134 801 402 867 utaManiohaei
415 803 589 886 discipulo
602 805 741 868 nomino
752 804 897 886 Leuoio,
910 807 969 887 qui
981 807 1086 871 etiam
1096 811 1263 889 aposto·

103 926 192 970 orum
211 912 331 989 gesta
346 905 435 971 falso
454 927 612 971 sermone
631 908 856 990 conseripsit,
879 906 937 972 hie
954 907 1044 972 liber
1059 907 1175 975 editus
1192 930 1261 974 non

99 1006 296 1074 edificationi
308 1009 610 1074 seddestruetioni
621 1011 802 1074 materiam
813 1010 1022 1092 exhibuerit,
1034 1011 1169 1093 etquod
1180 1011 1262 1077 talis

99 1110 268 1191 nuberetur
281 1111 318 1175 in
331 1111 473 1195 synodo,
492 1112 547 1175 eui
563 1112 687 1176 merito
703 1122 805 1177 aures
821 1113 992 1178 ecelesiae
1009 1133 1078 1176 non
1089 1119 1261 1196 paterent.

99 1209 187 1278 besset
204 1235 296 1278 nune
318 1213 568 1279 oblatrantium
588 1235 739 1279 morsus:
768 1237 838 1280 non
861 1216 953 1281 enirn
973 1217 1079 1280 istum
1103 1216 1261 1281 libellum

99 1316 238 1381 turonicis
263 1337 327 1381 nes
353 1315 631 1398 superaddimus.
648 1317 847 1400 scripturis,
874 1317 935 1383 sed
961 1317 1005 1382 ad
1031 1317 1262 1402 detegendam

99 1415 223 1483 hereseos
244 1418 419 1483 fallaciam
441 1402 593 1501 apostoli
615 1425 721 1502 atque
744 1421 978 1504 evangelistae
1002 1421 1132 1503 scripta
1151 1427 1263 1486 trans·

99 1515 215 1585 ierimus.
259 1520 302 1586 In
330 1543 397 1604 quo
430 1542 534 1604 opere
560 1528 631 1586 tam
656 1521 860 1587 iubentibus
886 1523 955 1605 piis
981 1522 1261 1606 obtemperamus

99 1620 246 1705 episcopis,
264 1645 368 1705 quam
384 1625 500 1707 impiis
513 1623 679 1688 hereticis
697 1623 884 1689 obviamus.
908 1622 1018 1691 Amor
1035 1647 1116 1709 ergo
1129 1624 1262 1691 Christi

99 1727 189 1788 uteri
206 1725 452 1809 satisfacimus,
475 1726 659 1791 eredentes
677 1726 771 1810 quod
789 1748 851 1792 nos
869 1728 941 1792 suis
964 1729 1182 1794 orationibus
1204 1729 1262 1794 ad·

99 1821 248 1911 iuvantqui
264 1829 308 1893 ad
326 1830 508 1895 salvatoris
526 1829 638 1894 nostri
655 1836 811 1894 sanctam
826 1829 1012 1895 infantiam
1028 1852 1091 1914 per
1107 1839 1261 1896 nostram

99 1932 240 2005 potuerint
256 1931 493 1996 obedientiam
508 1931 701 2014 pervenire.

483 2033 641 2116 Explicit
658 2033 835 2116 prologus.

99 2145 271 2165 κ.-

99 2253 192 2313 metam
211 2258 214 2325 Ι
233 2275 250 2310 Δ
261 2278 311 2325 per
322 2278 388 2310 rure.
401 2265 475 2324 temp.
489 2278 506 2310 a
517 2262 571 2311 mie
579 2261 633 2324 pri.
654 2258 657 2325 Ι
678 2260 800 2310 alibrum
813 2261 893 2324 ipsum
910 2257 914 2326 Ι
936 2277 990 2310 eum
1002 2265 1033 2311 ut
1044 2275 1061 2311 n
1073 2262 1153 2319 Mon,
1171 2275 1188 2310 Δ
1202 2266 1262 2320 tum,

99 2338 183 2404 ’algon
199 2343 203 2411 Ι
222 2351 315 2396 testum
334 2346 411 2409 (bion
422 2346 530 2409 pestem)
551 2362 609 2394 vero
628 2343 771 2411 (vulgum)
790 2347 844 2395 eius
861 2345 940 2395 aliter
952 2346 1028 2407 (Mon
1041 2346 1122 2409 alter)
1136 2347 1262 2411 aliterque

99 2418 150 2489 iulg
159 2434 223 2495 etque
234 2432 325 2494 aliter)
338 2435 511 2481 narraverunt
525 2431 552 2492 (n
565 2433 739 2490 narraverint,
758 2432 823 2482 item
836 2436 918 2482 entes
930 2431 1117 2496 tradiderim:
1137 2434 1202 2483 haee
1218 2450 1261 2481 om

99 2503 178 2567 liele:
194 2519 317 2580 reisque,
336 2519 401 2581 vulg
413 2518 456 2565 sed
477 2514 481 2580 Ι
501 2517 610 2566 Leueim
628 2519 692 2582 vulg
706 2517 811 2566 Seleuco
831 2514 835 2581 Ι
856 2517 921 2567 Mon
938 2518 1140 2584 aedificationem
1158 2518 1162 2584 Ι
1182 2532 1200 2568 Δ
1212 2534 1262 2568 son

99 2591 244 2658 *treuna
252 2603 296 2650 sed
306 2602 486 2651 destructionis
498 2603 625 2652 exhiberet
637 2603 769 2652 materiam
783 2601 787 2666 Ι
801 2615 818 2651 Β
830 2601 976 2665 materiem!
992 2620 1071 2652 eune:
1083 2617 1100 2652 n
1116 2605 1166 2652 iarn
1175 2620 1240 2653 suso
1254 2603 1257 2668 Ι

99 2684 200 2733 meie:
210 2688 272 2751 vulg
285 2699 301 2734 n
315 2701 357 2735 om
369 2684 449 2748 enim!
466 2699 483 2734 a
496 2687 697 2736 obsaturantium
711 2684 714 2752 Ι
728 2688 892 2752 detepeedom
904 2694 935 2736 ut
947 2701 991 2745 as,
1005 2689 1053 2738 sed
1066 2682 1129 2753 vulg
1142 2689 1206 2737 Mon
1218 2689 1260 2737 de·

99 2759 189 2821 butem
206 2770 209 2836 Ι
231 2777 297 2820 tam:
316 2773 380 2837 vulg
392 2789 441 2821 nors
453 2776 505 2820 tom
524 2770 528 2837 Ι
547 2787 564 2821 Δ
577 2774 686 2837 episcop.
700 2772 804 2837 obtemp.
825 2771 830 2838 Ι
849 2774 914 2837 vulg
927 2773 1007 2835 epirus
1019 2779 1057 2823 est
1068 2773 1162 2823 Obsisti
1176 2773 1180 2838 Ι
1194 2775 1259 2823 Mon

99 2848 248 2914 ”liberiorem
263 2858 267 2922 Ι
281 2871 298 2906 a
313 2858 398 2906 adius.
411 2857 521 2906 oration.

140 2937 208 2992 Porro
220 2943 274 2993 elin
287 2943 571 3007 Pseudo·Hier0nymi
585 2944 702 3006 epistula
714 2943 748 2991 sd
761 2942 868 2993 eosdem
882 2943 1023 3007 episcopos
1037 2945 1137 3009 scripta
1150 2944 1260 2993 eircum-

140 3023 219 3087 femur,
232 3044 317 3092 eaque
330 3033 358 3077 et
371 3028 430 3091 ipsa
441 3028 511 3077 libro
525 3028 557 3077 de
570 3029 717 3078 nativitate
727 3029 827 3078 Merite
838 3029 1015 3091 praefationis
1029 3030 1088 3078 loeo
1098 3030 1261 3092 praeposita.

140 3105 173 3161 cl.
184 3114 257 3163 Hier.
270 3113 311 3162 ed.
325 3114 439 3163 Vellars.
452 3112 498 3161 Xl.
512 3129 572 3177 pag.
585 3115 644 3162 382.
669 3113 707 3162 Ee
720 3113 758 3162 sio
773 3114 868 3163 hebet:

99 3179 158 3245 'ma
170 3215 230 3248 ame
247 3204 276 3247 ret
289 3198 357 3248 uobis
369 3199 507 3247 rescribam
519 3199 580 3262 quid
597 3199 658 3247 mibi
670 3198 701 3246 de
714 3199 821 3262 quodam
834 3198 921 3248 libello
935 3199 1052 3249 videatur
1064 3201 1107 3264 qui
1124 3200 1155 3248 de
1169 3201 1259 3248 natisi-

99 3275 128 3322 'le
141 3281 274 3333 &Mariae
290 3299 308 3332 a
318 3282 449 3333 nonnullis
464 3283 579 3332 babetur.
604 3284 643 3332 Et
659 3283 715 3332 ideo
732 3284 798 3333 seire
811 3300 854 3333 eos
867 3285 937 3342 volo,
955 3284 1036 3333 multa
1055 3285 1081 3332 ie
1094 3301 1122 3334 eo
1131 3285 1211 3349 falsa
1223 3286 1260 3333 in·

99 3361 154 3421 'lei
187 3369 294 3431 Quidam
316 3385 421 3432 eamque
442 3368 577 3426 Seleucum,
599 3371 642 3432 qui
658 3370 832 3432 passiones
852 3369 1079 3433 apostolorum
1100 3372 1259 3434 conseripsit,

99 3455 135 3496 *Μ
143 3451 244 3503 libellum
257 3455 403 3518 comperuit.
441 3453 492 3503 Sed
504 3455 570 3503 sieut
581 3455 613 3503 de
624 3455 761 3511 virtutibus
777 3471 862 3504 eorum
880 3460 906 3504 et
922 3455 1053 3504 miraculis
1061 3472 1111 3519 per
1123 3472 1165 3505 eos
1173 3458 1260 3521 saetis

99 3537 133 3581 ἢ
140 3537 209 3598 elisit,
226 3541 257 3588 de
269 3541 390 3589 doctrine
401 3556 460 3589 vero
473 3557 558 3589 eorum
565 3541 649 3604 plura
659 3543 778 3589 mentitus
789 3545 840 3599 est,
859 3541 898 3589 itu
909 3545 934 3588 et
945 3541 986 3589 bie
999 3540 1079 3590 multa
1091 3557 1141 3590 sore
1153 3558 1215 3590 vera
1227 3544 1258 3591 cle

99 3619 144 3669 *Prie
155 3640 194 3674 eso
211 3625 342 3691 cessissit.
379 3626 492 3674 Proinde
508 3630 537 3674 et
555 3627 582 3673 in
599 3625 706 3675 bebraeo
724 3625 843 3683 babetur,
862 3625 961 3674 verbum
978 3642 1009 3674 es
1021 3627 1095 3676 verbo
1114 3629 1259 3692 transferre

99 3705 168 3768 u'ebra
184 3711 305 3775 siquidem
321 3714 436 3760 sanctum
453 3710 635 3773 compotistam
647 3711 807 3760 Matthaeum
824 3711 927 3760 ermetem
944 3711 1057 3760 libellum
1070 3711 1150 3775 liquet
1162 3730 1258 3777 compo·

99 3787 145 3842 ‘isse
154 3801 175 3846 et
186 3799 210 3846 ie
220 3799 304 3863 eapite
313 3798 439 3862 eranpeiii
447 3800 488 3848 eui
496 3798 622 3848 hebraicis
632 3798 717 3848 literis
725 3799 883 3861 obripnoteem
892 3798 1039 3863 apposuisse
1049 3796 1100 3859 (ita
1111 3801 1258 3848 correctum

99 3883 122 3920 “³
130 3884 286 3946 oppones„
300 3885 366 3948 quod
376 3901 410 3933 as
419 3900 504 3933 oerum
516 3885 559 3942 eit,
572 3885 673 3933 auctori
681 3884 858 3948 praefationis
870 3887 895 3932 et
899 3884 967 3949 fidei
976 3883 1112 3946 scriptoris
1121 3885 1259 3934 committo:

99 3969 190 4016 l‘terrim
199 3975 226 4020 et
237 3971 300 4019 baec
310 3971 389 4020 dubie
401 3986 453 4019 esse
463 3971 619 4035 pronuncio,
638 3971 677 4019 ita
689 3969 871 4033 liqm'dosalsa
882 3985 932 4018 nors
944 3968 1056 4034 affirmo.
1090 3968 1164 4017 Illud
1176 3973 1260 4018 autem

99 4039 148 4098 be„
161 4054 224 4113 tiro,
247 4057 313 4120 quod
324 4056 445 4122 fideliore
462 4056 581 4105 nemiuem
601 4060 749 4119 repeterem
762 4058 842 4120 puto,
860 4055 912 4104 eive
929 4055 993 4102 beree
1011 4069 1072 4102 vera
1089 4055 1141 4103 siret
1157 4056 1209 4105 sive
1227 4056 1258 4104 ob

99 4122 156 4194 bip„
165 4141 279 4206 conficta,
297 4145 487 4191 sacrosanctam
501 4140 552 4203 (ite
564 4141 669 4190 Febris.
682 4156 729 4204 pro
742 4137 921 4202 sacrosancte)
934 4143 1039 4188 sanetae
1050 4139 1155 4189 Mariae
1166 4141 1259 4190 sativi·

99 4217 150 4265 αἱ·
162 4221 323 4284 intinitatem
347 4242 378 4275 ex
396 4227 551 4276 coniectura
570 4225 678 4275 addidit
695 4225 811 4286 Febris.)
830 4240 924 4288 mapsa
938 4224 1066 4273 miracula
1080 4228 1259 4289 praecessisse,

99 4303 176 4355 ’ΨΜ
185 4312 415 4375 mesemtasuisee5
428 4316 453 4360 et
467 4312 562 4360 ideireo
576 4311 712 4376 saloaflde
724 4310 755 4358 ab
768 4312 807 4360 bis
819 4312 863 4375 qui
874 4311 947 4359 deum
960 4310 1109 4374 istafaoere
1117 4327 1192 4374 posse
1205 4329 1257 4361 ere-

99 4376 142 4433 l¹⁸l
152 4392 195 4442 eise
201 4397 313 4460 periculo
330 4398 429 4446 animae
445 4413 506 4445 errae
522 4397 593 4446 credi
611 4401 636 4446 et
653 4396 704 4460 leyi
712 4412 795 4461 posse.
820 4397 935 4460 Denique
954 4397 1112 4459 inquantum
1123 4398 1258 4446 reeordari

99 4478 176 4533 m
186 4495 273 4532 mmm
285 4498 333 4533 soe
345 4483 422 4532 verba
433 4483 570 4546 seripturis
581 4498 694 4547 repuens,
706 4486 732 4531 et
743 4498 809 4531 sene
821 4483 907 4531 eadem
918 4483 1010 4530 semita
1022 4496 1072 4529 son
1083 4482 1175 4530 eisdem
1184 4485 1257 4531 vesti·
