2880 5062
122 349 164 411 90
329 347 662 414 rsauoo-unrrunrr
682 349 913 400 aversamur
940 347 1014 400 cer.
1034 349 1119 401 xxu.

123 501 260 566 ficietis.
307 500 406 565 Haeo
437 500 508 565 illis
541 502 767 584 loquentibus
806 522 886 566 ecoe
918 502 1176 584 prospieientes
1206 501 1298 566 videre

123 611 317 687 coeperunt
332 611 467 669 montes
484 604 655 689 Egyptios
673 610 709 668 et
724 604 883 669 civitates
901 604 987 669 eius.

209 706 283 771 ’Et
303 706 497 789 gaudentes
521 714 556 772 et
576 706 775 772 exultantes
795 706 1012 772 devenerunt
1031 707 1068 771 in
1091 705 1219 770 finibus
1232 703 1303 769 Her·

122 810 282 893 mopoiiS,
300 812 388 875 etin
405 832 508 875 unam
526 832 567 874 ex
580 810 922 894 civitatibusEgypti
934 829 1023 892 quae
1035 806 1185 875 Sotinen
1196 807 1304 874 dicitur

122 913 272 996 ingressi
290 919 387 993 eunt;
411 919 447 978 et
462 914 628 997 quoniam
648 914 684 978 in
706 935 748 978 ea
763 912 881 979 nullus
900 918 975 978 erat
991 919 1095 979 notua
1112 911 1206 997 apud
1221 931 1308 996 quem

121 1017 322 1100 potuissent
337 1017 519 1100 hospitari,
542 1016 711 1100 templum
727 1018 877 1100 ingressi
894 1021 987 1096 aunt,
1008 1016 1103 1099 quod
1121 1016 1312 1101 capitolium

120 1119 251 1204 Egypti
267 1120 466 1185 rooabatur.
498 1119 539 1184 In
557 1141 625 1203 quo
644 1119 775 1202 templo
792 1125 951 1185 trecenta
968 1120 1153 1203 sexaginta
1169 1120 1313 1204 quinque

121 1223 216 1289 idola
238 1223 354 1305 posita
379 1229 493 1304 erant,
517 1222 645 1306 quibus
669 1223 818 1305 singulis
841 1222 965 1287 diebus
988 1221 1101 1287 honor
1121 1221 1257 1289 deitatis
1275 1220 1317 1284 in

121 1326 316 1409 sacrilegiis
334 1325 595 1408 perhibebatur.

121 1501 149 1563 (r
162 1501 330 1561 attremat),
344 1503 382 1550 ita
395 1507 422 1551 ut
434 1503 499 1564 queri
512 1501 540 1565 (a
552 1501 605 1562 ubi)
615 1518 666 1564 per
678 1503 788 1564 triginta
799 1503 854 1550 dies
865 1501 935 1551 robis
942 1502 1135 1566 perperandurn
1144 1500 1253 1565 (corrige
1259 1513 1324 1564 per·

116 1588 280 1652 patrandum,
294 1601 309 1635 a
319 1587 521 1650 properandum)
534 1591 599 1643 erat,
613 1588 700 1635 iubae
711 1603 762 1635 una
772 1588 824 1635 diei
836 1587 1011 1636 mansiuncula
1025 1586 1054 1650 (a
1064 1587 1107 1635 die
1119 1587 1153 1636 ad
1164 1582 1325 1643 mansium)

116 1675 281 1737 pertingatis.
301 1671 305 1739 Ι
326 1674 400 1722 Haec
412 1673 442 1735 (1)
455 1673 508 1723 edd
521 1670 627 1738 quoque)
642 1673 697 1721 illis
709 1673 759 1736 laq.
776 1678 807 1722 ut
820 1685 891 1732 sal),
909 1685 942 1722 cz
956 1673 1047 1721 Adbuc
1065 1688 1093 1722 so
1107 1672 1221 1736 loquente
1238 1668 1241 1735 Ι
1260 1683 1274 1719 ι
1297 1671 1326 1717 et

118 1777 174 1808 ecce
188 1759 192 1823 Ι
207 1760 334 1825 Epyptios
345 1760 372 1822 (c
386 1761 462 1824 Aep.)
479 1764 510 1809 ut
523 1771 612 1817 anem
631 1773 647 1807 a
661 1760 772 1823 Aepypti
785 1756 789 1823 Ι
805 1760 873 1807 civit.
892 1760 946 1808 einis
958 1760 1005 1821 (aa
1019 1761 1073 1807 eius
1085 1759 1144 1821 cin.)
1157 1766 1188 1808 ut
1201 1770 1283 1814 snam
1310 1765 1325 1802 1

121 1847 267 1909 aequitates
278 1847 332 1894 eius

191 1935 214 1980 2.
234 1934 387 1981 rieusnerunt
400 1958 408 1968 ·
422 1936 447 1980 et
460 1930 487 1994 (Δ
500 1930 555 1994 om)
568 1933 595 1980 in
607 1947 682 1980 unam
701 1949 731 1980 ee
744 1933 812 1980 civit.
827 1930 876 1992 (aa
895 1933 921 1979 in
934 1931 1060 1995 quandam
1073 1929 1212 1993 ciuitatem)
1224 1927 1324 1994 prpa

121 2034 185 2082 quae
199 2018 304 2066 Setinen
318 2017 328 2075 Ι
331 2031 347 2064 Β
361 2014 482 2076 Satrina¹,
500 2031 516 2066 a
530 2017 649 2079 Sibenen)
662 2018 759 2066 dicitur·
771 2016 800 2078 (Α
814 2017 869 2078 om)
882 2016 992 2079 inpressi
1003 2019 1061 2064 sunt
1073 2013 1102 2077 (a
1113 2016 1283 2069 intrauerunt5
1297 2009 1320 2073 fl

121 2103 173 2152 add
186 2105 332 2165 vespertina
343 2104 396 2152 diei
407 2102 483 2163 bora)
501 2107 532 2152 ut
545 2115 613 2161 nam
631 2115 667 2153 ου
681 2102 799 2164 (omissis
812 2100 958 2166 prioribus)
976 2102 1002 2149 in
1019 2115 1095 2149 unam
1112 2116 1144 2149 ee
1162 2099 1270 2162 cinit.(1>
1292 2100 1318 2146 s'n

119 2190 229 2252 quadam
248 2189 363 2251 civitate)
377 2206 440 2252 quae
454 2190 559 2239 Satinen
575 2190 624 2237 die.
642 2191 710 2253 inpr.
729 2193 788 2238 sunt
808 2185 811 2253 Ι
831 2189 948 2252 quoniam
960 2185 990 2249 (Δ
1003 2184 1076 2250 quia)
1090 2210 1100 2222 ·
1112 2191 1187 2236 notus
1198 2185 1225 2249 (t
1235 2183 1317 2235 nulhs

119 2274 146 2321 in
163 2289 195 2322 ea
211 2278 269 2322 erat
286 2276 323 2322 eis
340 2273 424 2333 notas)
438 2276 508 2337 aput
521 2291 591 2339 quem
607 2277 714 2339 potuiss.
733 2277 803 2338 boep.
818 2273 845 2336 (Ε
857 2274 1064 2335 hospitarentur,
1083 2284 1101 2320 a
1114 2288 1131 2320 a
1143 2288 1191 2336 pua
1199 2274 1314 2336 petissent

118 2358 265 2422 nospitium)
280 2357 285 2421 Ι
299 2359 384 2423 templ.
398 2360 464 2422 inpr.
477 2364 535 2408 sunt
552 2366 583 2409 ut
596 2374 644 2420 ης
663 2372 698 2409 co
713 2361 779 2423 inyr.
799 2377 818 2408 s.
839 2358 922 2422 templ.
938 2356 942 2422 Ι
957 2359 1023 2423 quod
1040 2359 1107 2421 sapi.
1121 2357 1218 2423 Epypti
1233 2354 1309 2407 moab.

121 2452 152 2494 ut
165 2458 196 2503 s3
214 2458 230 2493 s
244 2446 309 2508 quod
322 2445 510 2507 septematrus
523 2447 635 2495 ciuitatis
652 2446 683 2493 ab
696 2446 818 2510 Epyptiis
831 2444 929 2501 vocab,
948 2455 984 2493 cu
997 2443 1063 2507 quod
1075 2444 1197 2509 Aegyptii
1212 2442 1307 2493 einum

121 2532 235 2579 civitatis
246 2529 395 2593 capitolium
406 2531 539 2581 vocabant.
553 2528 557 2594 Ι
572 2532 604 2580 In
617 2547 664 2595 qua
678 2557 686 2568 ·
700 2532 836 2593 serapinta
849 2529 892 2589 (ut
904 2542 929 2586 a,
942 2530 1007 2580 item
1021 2542 1053 2588 υς
1073 2543 1090 2577 s
1103 2525 1304 2594 quinquenni

120 2618 147 2664 in
159 2616 304 2679 samitepb's
312 2616 411 2679 perbib.
431 2617 481 2677 (ita
495 2630 526 2674 s,
544 2629 561 2664 u
580 2632 596 2662 a
615 2616 750 2678 sacmlepis
766 2613 967 2677 impendebatur)
987 2619 1017 2663 ut
1030 2626 1079 2672 ΑΒ
1099 2616 1155 2664 cin
1173 2629 1218 2679 quo
1232 2611 1304 2661 amu

120 2702 229 2766 simpatia
240 2704 320 2751 bonor
332 2702 437 2756 deitatis
449 2701 584 2766 sacrilepir
597 2702 784 2765 praebebatur3
803 2717 822 2752 1>
841 2704 867 2750 in
880 2717 928 2764 quo
941 2701 1049 2765 Epyptii
1067 2700 1141 2749 illius
1156 2700 1260 2749 ciuitatis
1272 2697 1300 2743 in·

117 2789 201 2852 pressi
213 2788 380 2836 adraonebant
391 2789 537 2838 sacerdotes
546 2789 665 2851 quatinus
676 2788 785 2850 sinentis
794 2787 845 2837 diis
856 2788 990 2836 secunaum
998 2787 1117 2836 bonorem
1126 2786 1227 2836 deitatis
1234 2794 1301 2833 eom

119 2874 251 2940 sacrificia
263 2875 393 2941 offerrent,
407 2875 433 2921 in
446 2890 493 2937 quo
508 2873 620 2921 CCCLX
625 2873 649 2920 V
654 2873 734 2937 ydola
744 2875 830 2934 posita
842 2878 924 2922 erant.
951 2872 1116 2935 Conspiraut
1128 2873 1181 2922 ists
1193 2871 1299 2932 aliqum·

120 2976 170 3010 nus
190 2975 248 3009 oum
268 2962 306 3008 eia
324 2975 392 3022 quae
405 2974 421 3007 n
435 2965 498 3022 poet
512 2958 693 3022 perhibebatur
711 2958 801 3007 addit:
827 2959 935 3023 Epyptii
951 2974 1010 3006 nero
1028 2959 1138 3006 eiusdem
1156 2953 1259 3004 civitatis
1272 2950 1299 2996 it·

118 3047 201 3109 pressi
210 3050 269 3095 sant
276 3044 431 3109 capitolium,
443 3046 469 3092 in
479 3060 526 3106 quo
536 3059 578 3093 eas
588 3045 737 3093 emanabant
745 3045 891 3094 sacerdotes
901 3048 1023 3107 quatenus
1032 3042 1083 3104 (sio
1091 3031 1299 3102 videturmeerlir

119 3131 172 3180 diis
184 3132 319 3179 secundum
331 3132 448 3180 bonorem
461 3131 566 3179 deitatis
578 3145 662 3178 eorum
674 3129 825 3190 optulissent
836 3129 976 3194 sacrficia.

190 3216 222 3266 ln
235 3216 327 3266 codice
340 3230 357 3264 a
370 3220 432 3280 post
446 3215 525 3265 verba
539 3215 625 3263 nullus
635 3219 693 3263 erat
706 3219 780 3273 notus
792 3217 872 3279 louge
885 3231 900 3263 a
913 3219 990 3265 textu
1004 3216 1097 3264 nostro
1111 3214 1213 3264 diversa
1225 3213 1298 3271 legun·

119 3308 172 3353 tur.
199 3302 323 3367 Per-gitur
341 3303 412 3352 enim
431 3302 483 3351 nio:
506 3303 533 3348 in
552 3302 622 3349 cuius
639 3302 749 3362 bospitio
767 3301 939 3359 declinarent,
958 3302 983 3348 in
1000 3301 1073 3350 donna
1092 3301 1218 3349 maedam
1230 3283 1300 3345 prae

122 3387 249 3451 (vidusei
274 3383 317 3446 Cf.
331 3389 402 3437 infru
415 3403 472 3450 cap.
487 3387 565 3434 XXV.
579 3402 610 3436 ex
624 3387 729 3445 cod.1>;
748 3388 813 3436 item
827 3402 921 3450 evang.
934 3391 1056 3436 nostrum
1069 3385 1186 3435 Thomna
1197 3380 1299 3433 tatinum

120 3474 142 3531 1,
156 3475 192 3535 3.)
204 3474 328 3536 hospitati
340 3477 405 3522 sunt.
431 3472 470 3521 Et
488 3489 541 3521 cum
558 3474 584 3520 in
596 3473 682 3521 eadem
695 3474 767 3521 dorne
779 3472 902 3521 salarium
921 3475 986 3522 esset
1002 3475 1028 3520 st
1038 3471 1176 3521 multitude
1186 3467 1300 3534 ΜΝ

12 3588 15 3594 ·
120 3561 154 3608 ad
168 3559 251 3608 Iesum
262 3560 387 3608 nenhsent
405 3560 440 3607 ad
457 3558 580 3607 solarium
597 3558 664 3606 illud
676 3559 801 3614 abierat,
820 3557 921 3620 quidam
940 3559 971 3605 de
989 3557 1128 3622 infantulis
1143 3555 1244 3619 inpuisit
1254 3537 1301 3608 (⁶5⁰)

119 3661 195 3694 unum
212 3646 243 3693 dc
256 3645 347 3707 pueris
364 3646 396 3692 ote
413 3644 525 3701 solome,
543 3644 586 3706 qui
604 3644 696 3691 cadens
714 3643 749 3691 ad
767 3647 864 3692 arram
882 3647 994 3693 mortuus
1011 3648 1056 3692 est.
1080 3644 1120 3693 Et
1136 3660 1190 3693 eum
1203 3632 1304 3707 pamm

120 3732 214 3780 mortui
226 3731 409 3787 cucurrissent,
426 3745 521 3793 pueros
537 3731 726 3792 interroganter
738 3730 781 3792 qui
793 3745 847 3776 eum
855 3730 1079 3793 praecipitaverat
1090 3731 1122 3779 de
1133 3729 1239 3784 salama.
1255 3723 1306 3771 Μ

116 3820 179 3880 post
196 3816 275 3864 atium
293 3816 444 3881 affirmabat
455 3817 516 3880 quia
528 3816 601 3864 Iesus
615 3816 840 3878 praecipitaverat
856 3831 918 3864 earn
945 3815 1003 3865 Iler
1020 3821 1104 3864 autern
1115 3816 1244 3872 dicebant,
1259 3798 1308 3870 φῶ

121 3900 215 3964 (codex
228 3917 277 3951 non
291 3900 363 3964 quia)
376 3902 475 3964 &notus
484 3906 542 3950 erat
553 3903 590 3950 eis
602 3906 627 3950 et
639 3903 746 3959 adem,
759 3906 787 3950 ut
799 3901 1010 3966 manifestaretur
1018 3903 1137 3964 petentia
1149 3900 1249 3950 uirtutis
1259 3888 1310 3942 Μ·

121 3988 161 4038 Et
173 3988 327 4052 bocfactum
339 3991 384 4036 est.
405 3987 475 4036 tune
484 3991 607 4050 parentes
618 3989 712 4036 mortui
724 3987 869 4035 clamabant
882 3991 972 4035 canan
985 3985 1076 4048 Iosepb
1088 3991 1114 4036 et
1125 3991 1215 4037 eontra
1226 3975 1315 4034 bertr*

120 4075 243 4136 rirpinem
255 4073 381 4121 diemtes:
400 4072 483 4121 bilius
494 4072 670 4137 aesterfilium
681 4089 759 4121 meum
772 4072 911 4137 interfecit,
924 4076 950 4121 et
961 4075 1075 4121 mortuns
1087 4076 1132 4122 est.
1152 4073 1209 4122 Nan
1217 4056 1320 4136 pamm

120 4175 209 4208 manus
221 4164 325 4208 nostras
336 4159 451 4217 madere,
468 4160 528 4222 quin
540 4159 723 4224 interficiamus
736 4158 807 4220 (cod.
822 4159 921 4218 eiam)
935 4175 984 4208 nos.
1011 4158 1084 4207 Iesus
1096 4163 1180 4208 autem
1191 4132 1326 4209 netad

120 4262 170 4295 non
188 4247 224 4293 eis
241 4244 418 4309 respondebat.
456 4243 585 4294 Venerunt
601 4249 683 4294 auum
700 4245 734 4293 ad
751 4243 834 4293 Iesum
850 4246 942 4294 Maria
958 4249 983 4294 et
1000 4245 1094 4309 Ieeepb
1109 4249 1136 4294 st
1153 4242 1274 4294 diaes-unt
1290 4229 1333 4275 ‘⁸²

122 4332 257 4387 Miserere,
270 4331 389 4380 miserere
397 4331 503 4380 tamine.
522 4330 555 4378 In
569 4334 641 4379 terra
650 4331 715 4379 enim
724 4345 807 4380 sumus
818 4335 951 4387 extranea,
964 4334 989 4380 et
998 4331 1044 4380 isti
1052 4331 1167 4380 clamant
1175 4336 1265 4381 contm
1276 4315 1342 4369 9⁰⁸⁴

123 4417 191 4466 iiiuc
205 4418 276 4466 Iesus
293 4416 422 4465 descendit
432 4416 464 4464 de
475 4414 588 4473 salario,
608 4416 706 4465 roravit
722 4430 809 4465 nomen
825 4415 902 4479 pueri
920 4417 963 4479 qui
981 4416 1082 4466 iacebat
1096 4430 1174 4478 super
1191 4419 1294 4466 unat*

119 4505 200 4553 dieite
219 4503 294 4553 Zena
323 4501 373 4564 Qui
388 4502 535 4564 respondite
551 4501 667 4550 Domine.
692 4501 816 4565 Dicitque
835 4500 975 4550 itliIesus:
998 4501 1089 4551 Utrum
1097 4474 1349 4567 prumpffl'
