2880 5062
180 114 241 178 136
421 113 591 169 merolus
610 112 765 166 IOSIlPIII.
793 111 870 162 CAP.
889 112 997 163 xxvu.
1016 112 1141 163 XXVIII.

181 267 364 352 sexaginta
386 272 422 332 et
438 272 588 331 centum.
622 264 672 331 Et
687 265 898 349 quicumque
920 263 1103 330 historiam
1118 264 1209 329 vitae
1225 267 1301 329 tuac
1315 262 1382 332 de·
1439 284 1440 288 ’

181 371 372 456 scripserit,
390 370 521 437 laboris
536 370 589 435 tui
606 375 643 435 et
656 369 875 454 migrationis
887 369 929 434 de
940 368 1157 451 hosmundo,
1174 386 1373 437 sermonem·

182 499 249 562 que
272 476 386 560 (hunc)
410 497 468 540 ore
492 496 568 539 meo
584 475 774 558 prolatum,
795 474 894 538 illum
917 481 997 539 tuae
1019 473 1151 539 tutelae
1170 472 1362 540 committam

181 582 262 647 dum
287 583 324 646 in
348 582 413 647 hac
437 581 508 645 vita
531 579 737 645 versabitur.
782 578 998 644 Discedente
1024 584 1141 644 autem
1167 578 1210 644 de
1236 598 1358 661 corpore

181 687 296 753 anima
312 687 399 766 eius,
418 691 452 751 et
469 684 529 750 ubi
545 684 602 749 hic
619 685 687 767 ipsi
704 684 854 749 mundus
866 685 1081 751 deserendus
1098 692 1163 768 est,
1180 685 1301 751 librum
1313 683 1353 749 de

180 789 343 854 lictorum
359 789 435 853 eius
456 789 670 870 comburam,
692 809 756 853 nec
778 788 852 854 ullo
870 810 947 854 eum
963 789 1135 873 torquebo
1153 788 1351 874 supplicioin

181 893 236 958 die
253 893 396 973 iudicii3
418 892 480 958 sed
496 893 650 957 traiiciet
665 914 759 958 mare
776 893 932 976 igneum,
953 899 1058 977 atque
1077 894 1152 959 sine
1170 892 1318 959 molestia
1326 894 1350 955 et

182 996 302 1062 dolore
324 996 413 1061 illud
434 995 675 1080 pertransibit.
710 995 790 1061 Hoc
807 1000 883 1081 (est)
901 997 994 1079 quod
1016 998 1188 1064 incumbit
1208 997 1294 1063 omni
1311 995 1350 1060 ho
1413 1020 1432 1061 s.

181 1101 265 1165 mini
286 1121 411 1184 egeno,
435 1101 496 1183 qui
511 1104 690 1182 praestare
707 1101 832 1183 nequit
849 1101 1036 1184 quicquam
1059 1123 1100 1166 ex
1118 1102 1169 1168 eis
1186 1121 1272 1186 quae
1287 1119 1350 1164 con·
1413 1105 1423 1112 ”

180 1205 381 1270 memoravi:
403 1204 565 1269 nimirum
582 1204 612 1268 si
623 1204 781 1268 nascitur
799 1204 867 1286 ipsi
885 1203 989 1286 filius,
1006 1205 1145 1270 vocabit
1161 1202 1349 1271 nomenoius

180 1308 380 1391 Iosephum.
418 1306 477 1374 Sic
499 1308 613 1373 locum
634 1329 704 1372 non
727 1306 873 1372 habebit
892 1308 929 1372 in
952 1308 1014 1373 illa
1035 1308 1136 1375 domo
1156 1309 1212 1375 vel
1232 1304 1351 1392 ponunt

180 1413 235 1478 vel
251 1413 436 1496 repentina
452 1413 571 1495 aliqua
587 1433 678 1477 mors
694 1412 731 1475 in
748 1413 1009 1494 sempiternum.

628 1651 748 1718 Orsus
772 1651 931 1720 XXVII.

268 1808 516 1874 Convenerunt
526 1807 693 1892 deinceps
711 1810 896 1892 optimates
913 1809 1063 1874 urbisin
1080 1809 1198 1874 locum
1214 1807 1271 1873 uhi
1284 1803 1353 1891 posi·

180 1920 253 1978 tum
276 1918 351 1976 erat
368 1933 493 1994 corpus
511 1913 605 1976 senis
624 1911 802 1977 benedicti
822 1912 981 1996 Iosephi,
1004 1920 1040 1978 et
1059 1912 1245 1978 afferentes
1261 1926 1353 1976 secum

180 2015 331 2082 amicula
351 2015 476 2080 feralia
491 2014 677 2080 voluerunt
696 2016 785 2080 illud
802 2017 877 2102 (eis)
898 2017 1072 2082 involvere
1090 2015 1278 2081 secundum
1293 2031 1356 2078 eon·

181 2119 404 2184 suetudinem
421 2141 490 2203 qua
509 2140 716 2202 componere
734 2119 850 2185 solent
865 2120 1056 2204 (cadavera)
1072 2119 1209 2185 Iudaei.
1236 2116 1298 2184 Sed
1309 2114 1357 2178 de·

180 2223 443 2308 prehenderunt
466 2244 543 2289 eum
561 2224 744 2289 sindonem
767 2245 865 2289 suam
881 2225 995 2309 (quasi
1011 2223 1227 2308 adstrictam)
1242 2228 1356 2287 tenere:

122 2364 133 2383 ·
181 2330 230 2393 ita
247 2329 338 2392 onim
355 2327 417 2393 illa
428 2330 565 2412 corpori
583 2329 658 2392 eius
676 2327 845 2410 adhaesit,
863 2335 903 2392 ut
919 2328 1144 2411 cupientibus
1162 2349 1237 2393 eam
1252 2338 1358 2392 exuere

180 2431 321 2497 inventa
347 2433 393 2497 sit
416 2434 528 2496 instar
552 2432 637 2496 ferri
662 2432 850 2497 immobilis
881 2438 917 2497 et
940 2430 1211 2496 indissolubilis.
1253 2429 1359 2511 Neque

180 2536 270 2600 ullas
290 2537 326 2599 in
338 2536 485 2600 sindone
506 2537 568 2600 illa
584 2537 737 2618 reperire
749 2542 942 2618 potueruut
958 2536 1208 2617 extremItates,
1225 2543 1361 2619 quaeres

180 2640 362 2704 maximam
379 2639 465 2720 ipsis
483 2639 750 2703 admirationem
766 2639 897 2703 iniecit.
922 2638 1079 2703 Tandem
1090 2638 1363 2703 extulerunteum

179 2741 224 2806 ad
244 2741 360 2807 locum
384 2741 445 2806 ubi
468 2741 536 2806 sita
558 2747 633 2806 erat
654 2741 837 2823 spelunca,
863 2746 899 2806 et
923 2748 1138 2825 aperuerunt
1162 2742 1304 2817 ianuam,
1322 2730 1364 2797 ul

181 2845 374 2911 conderent
390 2867 515 2928 corpus
534 2846 610 2910 eius
626 2845 720 2910 inter
736 2866 882 2927 corpora
897 2851 1035 2928 patrum
1052 2847 1139 2910 eius.
1178 2844 1272 2909 Tunc
1287 2829 1363 2906 nihi
1438 2877 1440 2883 <

179 2950 217 3014 in
233 2954 384 3014 mentem
400 2949 564 3013 veniebat
581 2948 656 3012 dies
674 2969 743 3032 qua
758 2969 892 3012 mecum
911 2948 1102 3013 ambulavit
1117 2949 1154 3013 in
1170 2946 1364 3031 Aegyptum,

180 3073 382 3135 summaque
399 3052 462 3116 illa
477 3051 639 3116 molestia
656 3072 758 3134 quam
774 3071 852 3115 mea
868 3073 992 3116 caussa
1009 3053 1188 3117 sustinuit.
1223 3039 1365 3116 Proinde

180 3158 354 3240 (mortem)
377 3155 453 3219 eius
475 3155 584 3219 multo
606 3161 761 3237 tempore
784 3153 922 3237 deflevi,
948 3162 984 3220 et
1003 3155 1180 3220 reclinans
1202 3154 1369 3233 merop&1

181 3280 306 3342 corpus
324 3260 399 3323 eius
417 3259 502 3324 dixi:

617 3482 737 3546 Garun
761 3480 941 3547 XXVIH.

267 3635 318 3717 „0
339 3658 430 3701 mors
447 3657 536 3720 quae
559 3609 695 3701 omnem
716 3637 900 3703 scientiam
922 3635 1041 3702 reddis
1063 3637 1242 3703 evanidam
1263 3655 1300 3700 ac
1316 3616 1389 3694 tol

179 3739 340 3805 lacrimas
364 3741 495 3805 excitas
516 3746 552 3804 et
572 3740 741 3822 eiulatus,
764 3747 857 3806 certe
876 3743 961 3807 deus
979 3747 1081 3824 pater
1098 3762 1197 3807 meus
1218 3739 1276 3805 ifle
1296 3731 1392 3821 ips⁰

179 3848 256 3931 (est)
275 3846 335 3929 qui
356 3844 445 3908 hanc
462 3844 527 3910 tibi
543 3851 753 3927 potestatem
771 3847 955 3911 concessit.
992 3843 1046 3910 Ob
1064 3833 1399 3930 transgressiono111

180 3951 272 4014 enim
286 3947 417 4014 Adami
433 3954 469 4013 et
486 3949 643 4033 coniugis
661 3950 736 4014 eius
746 3949 839 4014 Evae
856 3951 1037 4015 intereunt
1053 3948 1247 4034 (homines),
1263 3936 1403 4030 neqt1⁰

179 4055 293 4138 parcit
312 4074 405 4119 mors
421 4052 474 4117 vel
491 4054 562 4117 uni.
592 4052 736 4118 Nemini
752 4059 869 4118 tamen
891 4054 1021 4119 accidit
1041 4058 1103 4118 aut
1117 4053 1269 4118 infertur
1283 4042 1411 4136 qula,

179 4179 282 4241 quam
299 4159 374 4222 sine
394 4156 557 4222 mandato
578 4159 687 4240 patris
704 4160 782 4222 mei.
810 4157 943 4241 Utique
960 4157 1128 4223 exstitere
1143 4140 1417 4239 hominene-1¹

178 4264 284 4328 vitam
294 4261 536 4346 produxerunt
551 4261 594 4326 ad
605 4270 801 4346 nongentos
818 4282 929 4345 usque
941 4282 1062 4341 annos,
1081 4261 1143 4327 sed
1155 4261 1350 4327 donatiano
1371 4232 1421 4293 ὕ·
