2880 5062
120 355 162 418 56
346 320 679 407 resono-mirmur
697 355 938 406 arenosorum
967 354 1039 406 car.
1059 356 1095 406 11.

122 506 133 540 ³
157 504 254 589 Quae
278 505 357 571 dum
379 507 479 572 fleret
499 508 534 570 in
558 508 715 572 oratione
738 528 800 570 sua
824 514 858 571 et
879 506 1025 570 diceret:
1062 505 1160 571 Dom:

121 608 233 674 Israel
256 608 461 691 fortissime,
484 611 552 675 iam
575 611 658 694 quia
679 610 769 675 filios
793 631 862 675 non
884 609 1014 674 dedisti
1035 608 1135 690 mihi,
1156 632 1160 641 ¹

121 731 234 775 meum
246 732 352 795 quare
364 710 596 777 tulistiame?
615 713 707 777 Ecce
721 714 812 778 enim
824 713 979 796 quinque
991 732 1128 777 menses
1139 719 1160 777 u

122 820 157 877 et
180 814 290 878 virum
311 835 424 880 meum
445 836 515 880 non
531 815 642 880 rideo.
676 815 725 879 Et
746 817 864 880 neseio
885 821 1002 879 utrum
1023 823 1161 881 mortuu

120 915 174 980 vel
191 917 406 999 sepulturam
422 917 475 981 illi
493 917 666 983 fecissem.
690 918 738 983 Et
753 919 834 983 dum
853 919 955 982 nimis
973 918 1073 983 fleret
1089 919 1160 983 inv

123 1017 244 1083 domus
258 1040 351 1101 suae,
369 1021 580 1085 moratione
599 1021 737 1086 elevans
756 1021 875 1086 oeulos
894 1040 975 1085 suos
992 1020 1036 1084 ad
1048 1021 1160 1087 domin

122 1119 242 1185 nidum
261 1143 441 1204 passerum
459 1122 494 1186 in
512 1123 635 1188 arbore
656 1124 756 1205 lauri,
780 1131 815 1189 et
831 1123 947 1188 emisit
962 1145 1080 1190 vocem
1097 1146 1160 1189 cun

121 1223 165 1287 ad
193 1225 370 1289 dominum
402 1225 536 1290 dicens:
572 1225 724 1291 Domine
751 1208 837 1292 <leus
869 1229 1105 1309 omnipotens,
1139 1249 1160 1310 q

122 1334 302 1393 creaturae
321 1328 459 1393 donasti
477 1328 582 1410 filios,
605 1335 640 1394 et
655 1329 780 1394 bestiis
802 1336 836 1394 et
857 1331 1023 1395 iumentis
1046 1335 1080 1394 et
1098 1351 1160 1412 ser]

123 1436 158 1495 et
180 1430 337 1512 piscibus
360 1437 394 1496 et
415 1431 632 1512 volucribuS,
656 1437 691 1496 et
708 1453 826 1497 omnes
844 1454 950 1516 super
966 1432 1057 1498 filios
1076 1433 1160 1517 gaud

189 1676 211 1723 B
231 1675 283 1723 sic:
310 1675 415 1724 Factum
432 1681 469 1724 eet
482 1680 565 1724 antem
578 1692 631 1723 cum
644 1677 939 1741 eneiniornmseetioitae
957 1679 1160 1741 appropinquare

121 1776 175 1808 ‹nm
187 1760 316 1809 nonnullis
328 1760 510 1810 contribulibus
521 1762 574 1810 euin
586 1761 762 1810 Ierueolimam
775 1762 897 1810 aseendit.
921 1761 953 1809 In
965 1778 995 1808 ea
1000 1763 1149 1824 festivitate

122 1845 156 1894 ibi
163 1847 283 1910 pontifex
295 1851 352 1895 erat
358 1865 366 1904 ‚¹
385 1848 436 1911 qui,
454 1863 508 1895 enm
522 1844 620 1911 [inter]
633 1851 730 1896 eeteros
741 1848 808 1896 cinea
818 1862 877 1896 euos
889 1852 914 1894 et
925 1847 1038 1895 Ioneiirn
1051 1864 1105 1895 earn
1118 1847 1160 1897 ool

121 1936 161 1981 ret
173 1937 328 1992 mantem,
344 1935 459 1998 derpeeit
471 1949 525 1983 euin
543 1938 568 1983 et
579 1935 633 1982 eine
644 1949 749 1983 munera
760 1935 870 1997 epreoit,
887 1935 1049 1996 interroqone
1061 1950 1107 1982 cur
1124 1935 1160 1983 ini

122 2018 270 2083 inserendae
281 2020 321 2068 vir
334 2016 433 2082 [stare]
443 2024 626 2083 praesumeret,
639 2020 725 2068 dicens
736 2035 841 2067 munera
853 2035 900 2067 ena
912 2020 957 2068 deo
971 2020 1077 2082 indiqna
1085 2035 1160 2084 poree

121 2105 189 2153 nium
205 2105 286 2168 iprum
299 2105 375 2168 prole
391 2106 520 2168 indiqnum
541 2105 684 2163 indicabat,
708 2105 838 2169 eerintura
855 2105 953 2153 dir-ente
970 2104 1160 2155 nraledictnrnt

121 2205 170 2239 non
183 2192 312 2254 qennieeet
327 2191 464 2240 mareolum
480 2191 520 2239 oei
529 2191 656 2255 seminam
672 2191 698 2238 in
715 2190 814 2239 Ierael:
830 2191 906 2254 priua
922 2191 985 2238 enim
1004 2208 1020 2238 a
1038 2191 1160 2240 maledici

121 2273 268 2334 solvendus,
286 2279 310 2323 et
322 2276 360 2323 eie
372 2273 428 2339 [in]
442 2275 559 2339 templum
576 2277 601 2323 in
615 2280 747 2339 conspeetu
759 2276 854 2325 domini
866 2292 920 2324 enni
933 2275 1102 2326 oblationibus
1119 2293 1159 2327 ere

124 2360 199 2409 Ouiae
217 2360 346 2423 obprobrii
362 2361 459 2410 obiectu
475 2367 501 2410 et
515 2361 615 2425 pedore
627 2362 746 2425 consuere
758 2362 870 2410 Ioaehim
887 2362 921 2410 ad
934 2366 1054 2425 pretores
1066 2365 1110 2427 qni
1128 2380 1157 2411 en

122 2446 174 2494 onie
182 2447 319 2508 parcendis
330 2450 405 2494 want
417 2447 531 2495 eeeeeeit:
548 2463 625 2510 neque
637 2448 702 2495 enim
713 2446 811 2496 domem
823 2447 947 2510 repedare
959 2447 1052 2505 voluit,
1071 2464 1103 2496 ne
1111 2449 1160 2513 sor

122 2531 227 2590 inlibate,
242 2532 285 2595 qni
297 2537 372 2580 erant
384 2537 409 2581 et
421 2532 523 2581 inennnl
535 2533 645 2582 aderant
662 2537 687 2581 ei
698 2534 760 2581 haee
772 2549 789 2581 α
801 2535 932 2582 sacerdote
945 2535 1090 2591 audierant,
1103 2537 1160 2583 eode

120 2618 202 2681 eloqio
220 2624 355 2668 voraretur
373 2618 549 2679 (notaretur-i
578 2619 613 2668 cf
628 2620 661 2668 ad
681 2620 746 2668 haec
764 2623 850 2669 totum
864 2635 921 2683 cap.
935 2619 971 2667 ΙΙ.
986 2622 1119 2684 evangelii
1134 2621 1160 2670 de

120 2703 250 2762 Mariae).
275 2703 419 2754 Indeserta
436 2706 499 2753 enirn
511 2703 634 2769 (igituri)
647 2721 695 2768 per
712 2705 838 2754 Vmeneee
852 2707 1008 2768 permansit,
1028 2706 1070 2754 uti
1079 2723 1158 2768 poree

121 2804 194 2838 enee:
213 2789 310 2838 nullum
322 2791 435 2839 nuntium
447 2792 478 2839 de
491 2806 518 2839 eo
528 2792 615 2854 potnit
626 2791 728 2839 domina
741 2790 859 2850 (Annei)
873 2807 938 2839 neor
950 2792 1004 2838 eius
1016 2792 1115 2839 auriire.

190 2878 214 2925 2.
234 2888 251 2924 B
265 2877 316 2925 sie:
340 2875 410 2938 Quae
423 2881 482 2925 tene
499 2878 525 2925 in
544 2878 660 2926 oratione
673 2892 719 2925 ena
731 2877 816 2925 dicere
828 2877 922 2940 eoepit:
942 2878 1048 2926 Domine
1061 2879 1123 2925 dene
1136 2877 1160 2925 Ie

121 2961 190 3021 eine,
204 2964 247 3026 qni
259 2963 399 3029 mihifilioe
411 2979 460 3012 non
472 2965 574 3021 dedisti,
588 2969 612 3012 et
624 2965 647 3012 si
659 2979 708 3012 non
720 2964 822 3020 dedietr',
836 2979 914 3026 qnare
926 2964 1007 3011 virum
1019 2979 1097 3011 orreum
1110 2963 1160 3012 obn

122 3032 127 3102 Ι
143 3065 203 3097 eea:
223 3061 257 3099 co
272 3062 313 3098 om
329 3046 332 3113 Ι
347 3051 408 3099 deur
420 3051 546 3115 Iersort.
561 3065 619 3099 eum
633 3061 720 3098 anon:
739 3061 754 3096 a
768 3064 808 3097 om
824 3047 828 3113 Ι
843 3050 892 3097 iam
906 3065 964 3097 cum
978 3063 1026 3097 Aa:
1041 3062 1076 3099 en
1091 3065 1133 3097 om
1148 3049 1151 3113 Ι

121 3134 174 3197 om)
188 3151 265 3184 menen
278 3150 357 3199 quare
370 3150 428 3184 cum
442 3148 492 3183 aar
512 3149 547 3184 cn
561 3151 640 3198 quare
652 3136 700 3182 vir.
713 3151 791 3182 meum
805 3132 809 3199 Ι
824 3135 892 3183 Eece
905 3136 968 3182 enim
981 3136 1065 3199 quinq.
1079 3151 1160 3183 menae

121 3225 254 3275 transeunt
273 3222 299 3284 (c
319 3222 491 3278 transierunt,
516 3233 532 3269 a
547 3219 694 3284 fluxerunt)
712 3245 720 3255 ·
738 3220 809 3268 rideo
831 3235 889 3268 eum
909 3232 977 3277 eoa3
1003 3233 1038 3268 aa
1057 3221 1125 3269 Eece
1148 3223 1160 3267 ι’.

121 3309 205 3373 quinq.
219 3323 250 3356 m.
263 3310 322 3356 eunt
334 3306 400 3372 quod
413 3307 494 3354 virum
507 3323 550 3354 me.
565 3321 613 3354 non
626 3305 686 3353 nidi.
702 3301 705 3368 Ι
720 3304 759 3352 Et
770 3306 853 3353 nereio
866 3309 949 3353 utrum
962 3304 990 3367 (c
1003 3303 1055 3366 ubi)
1069 3311 1143 3355 mort.
1156 3325 1160 3354 i

122 3392 174 3441 add
186 3393 240 3454 nn)
254 3392 410 3457 eepelturnm
425 3391 454 3453 (n
468 3389 621 3455 sepulcrum)
635 3390 802 3453 iliifeeieeem
815 3405 873 3439 cum
887 3402 936 3438 co:
954 3403 971 3437 u
984 3392 1022 3440 Et
1035 3393 1118 3441 nereio
1131 3392 1160 3439 ub

120 3478 335 3541 mortnnesuieeet
347 3478 371 3526 ei
382 3477 662 3541 sepulturamsarerem
668 3495 676 3532 ,·
689 3487 706 3522 a
718 3475 809 3524 Nescio
823 3490 880 3524 vero
893 3476 916 3523 ei
924 3480 1038 3524 mortum
1049 3478 1083 3524 eit
1096 3483 1121 3525 et
1133 3477 1160 3525 ni

122 3563 175 3611 eine
187 3564 326 3620 invenio-en,-
340 3576 356 3612 a
370 3565 409 3612 Et
422 3564 504 3611 nereio
518 3563 560 3610 nti
571 3563 622 3610 iarn
634 3564 748 3611 moratae
759 3563 807 3617 eit5
824 3561 864 3610 oei
876 3562 899 3609 ei
910 3566 1034 3609 mortuum
1047 3564 1156 3620 erinnem,

121 3647 164 3697 nbi
173 3645 234 3710 (sie)
245 3649 423 3713 eiurseeieeern
437 3645 441 3712 Ι
455 3647 482 3695 in
492 3647 628 3696 viridiario
642 3652 685 3695 eto
699 3662 757 3695 eum
771 3659 800 3694 a:
815 3659 850 3694 ΔΒ
863 3647 978 3709 inqreeen
991 3651 1028 3694 eet
1040 3648 1067 3695 in
1079 3648 1160 3695 uiride

120 3731 235 3794 merinrn)
254 3733 318 3781 dom.
337 3748 398 3781 eune
417 3733 445 3792 (B
464 3731 588 3781 addeum
607 3731 722 3780 lacrimis
739 3729 774 3791 et)
789 3736 955 3795 prosternene
971 3748 997 3780 ee
1014 3734 1040 3779 in
1058 3735 1160 3782 oration

122 3834 207 3867 rorem
220 3817 399 3882 dominosndit
412 3816 440 3880 (a
446 3818 610 3883 fundensque
619 3833 690 3881 pree.
703 3833 764 3866 euoe
775 3833 827 3865 eor.
840 3816 964 3880 domino);
984 3817 1049 3866 item
1067 3830 1103 3868 cn
1117 3821 1159 3882 inq

121 3904 216 3952 teriore
227 3904 300 3952 domo
312 3918 372 3962 ruo,
388 3904 480 3952 radens
497 3904 523 3951 in
537 3904 652 3952 oratione
661 3919 751 3966 precer
762 3902 928 3966 deosundere
941 3904 1023 3966 coepit
1037 3900 1041 3967 Ι
1056 3903 1158 3952 elevans

122 3993 165 4039 ete
178 4003 237 4040 eum
249 4002 265 4037 Β
279 3988 338 4051 (sed
351 3989 374 4038 is
386 3987 477 4052 rnieit):
497 4000 551 4037 sco
565 3989 603 4037 Er
615 3988 644 4048 (a
658 3988 711 4049 om)
721 3993 781 4052 poet
792 3991 854 4036 iaec
866 4005 971 4051 eurqene
983 3990 1014 4036 ab
1027 3992 1160 4039 orationes

122 4074 161 4122 loe
179 4071 208 4133 (12
222 4073 274 4123 add
287 4071 356 4135 euos)
375 4073 409 4121 acl
422 4074 493 4121 deum
513 4074 579 4121 vidit
601 4074 653 4121 nid.
663 4088 795 4136 pomerum
814 4072 841 4132 (c
850 4073 977 4136 passeris)
991 4097 1000 4109 ·
1013 4075 1096 4122 emisit
1109 4075 1160 4135 (ite

121 4157 151 4221 Β)
164 4175 215 4209 voe.
229 4159 264 4207 ad
279 4159 344 4208 don.
358 4174 411 4206 enm
421 4174 485 4221 qen.
497 4164 523 4207 ei
535 4160 609 4208 dixit.
623 4159 706 4207 afere
718 4173 775 4207 cum
792 4170 827 4215 s,
848 4158 894 4207 sed
912 4163 937 4206 et
955 4175 1009 4206 eum
1028 4159 1125 4207 terreret
1144 4175 1160 4222 p

121 4244 188 4293 omni
205 4248 284 4292 erent.
296 4243 399 4292 donasti
409 4243 485 4308 fllioe
504 4243 531 4303 (e
550 4242 653 4305 liberor)
673 4256 732 4291 cum
751 4254 797 4291 ea:
816 4255 852 4290 Aa
871 4243 965 4291 dedisti
979 4243 1056 4308 filios
1071 4246 1137 4292 omni
1156 4253 1160 4296 Ι

120 4333 256 4378 creaturae
269 4328 297 4390 (a
310 4327 463 4390 meaturi&
476 4342 495 4377 1>
508 4330 590 4377 omnia
604 4329 705 4385 errasti,
720 4332 747 4376 tu
759 4328 853 4376 dedisti
857 4328 934 4392 filios
948 4326 950 4391 Ι
966 4332 990 4376 et
1002 4328 1089 4377 tentiis
1099 4354 1108 4363 ·
1118 4344 1160 4392 rer

121 4424 192 4473 Δους
210 4410 393 4477 irrepentibus)
412 4436 421 4448 ·
438 4429 514 4476 anper
522 4413 598 4479 filios
611 4412 637 4475 (o
652 4429 706 4470 eoe,
725 4428 743 4462 1>
757 4413 824 4471 illi-r,
847 4428 859 4461 i
875 4413 926 4462 add
941 4414 1008 4475 suos)
1019 4416 1134 4477 qaudent
1147 4414 1160 4473 ('

118 4498 192 4560 dere)
205 4513 263 4548 eom
282 4496 394 4560 mem
412 4511 428 4546 s
447 4513 488 4546 om
505 4502 531 4547 et
546 4499 632 4547 bestiis
650 4513 733 4560 usque
746 4499 809 4555 voi,
828 4513 897 4548 nom
912 4504 936 4546 et
946 4500 1006 4548 een.
1020 4504 1044 4547 et
1057 4501 1115 4548 inin.
1130 4497 1134 4564 Ι
1150 4517 1160 4548 n
