2880 5062
118 340 159 402 96
238 340 574 416 ΡΒΕΗΒΟ·ΜΑΤΤΗΑΕῙ
593 342 837 393 avuncunlum.
866 339 941 390 CAP.
961 339 1088 397 xxvnr.
1108 338 1201 390 XXIX.

120 492 251 558 dabant
267 499 302 558 et
318 492 582 559 admirabantur
599 514 692 573 eum;
709 493 771 557 alii
786 513 866 557 vero
883 491 1139 574 vituperabant.
1168 489 1214 553 Et
1227 488 1253 553 al

119 602 203 659 runt
223 596 365 680 quidam
386 597 429 664 ad
451 598 630 680 principes
653 596 875 662 sacerdotum
898 601 933 660 et
954 593 997 660 ad
1018 594 1185 679 primates
1200 592 1253 658 Ph:

120 720 279 765 saeorum
305 707 340 765 et
365 700 663 766 adnuntiaverunt
685 700 736 765 eis
763 698 855 782 quod
880 698 982 764 Iesus
1008 697 1102 763 filius
1127 694 1249 779 Ioseph

121 810 310 886 conspectu
331 806 440 871 totius
461 804 713 889 populiIsrael
738 805 839 887 signa
860 823 985 887 magna
1001 802 1147 868 fecisset
1170 807 1203 865 et
1216 800 1253 864 vir

119 912 183 971 tes.
214 906 262 971 Et
278 906 524 973 adnuntiatum
541 913 595 973 est
610 907 675 973 hoc
692 908 728 971 in
746 906 930 972 duodecim
946 905 1059 972 tribus
1076 903 1200 970 Israel.

559 1128 680 1195 Garun
703 1128 884 1196 XXVIII.

207 1282 281 1348 Iam
298 1285 424 1348 iterum
436 1284 529 1349 filius
540 1281 666 1350 Annae
679 1284 872 1350 sacerdotis
883 1282 1015 1367 templi,
1034 1284 1094 1366 qui
1106 1280 1253 1348 cumIos

120 1385 323 1469 advenerat,
345 1395 470 1453 tenens
486 1389 617 1472 virgam
633 1389 668 1453 in
686 1410 789 1453 manu
807 1389 942 1453 cunctis
958 1385 1161 1452 videntibus
1179 1404 1251 1450 cum

121 1509 198 1554 rore
216 1491 322 1556 nimio
346 1492 495 1556 exclusit
511 1492 608 1557 lacus
626 1512 713 1575 quos
730 1491 831 1556 Iesus
848 1489 1009 1556 manibus
1027 1490 1101 1555 suis
1118 1489 1247 1554 fecerat-

121 1591 246 1657 effudit
271 1615 311 1659 ex
337 1595 387 1659 eis
413 1615 521 1678 aquas
545 1615 631 1677 quas
655 1600 927 1678 congregaverat
949 1594 991 1659 de
1016 1598 1174 1659 torrente
1198 1592 1233 1656 in

120 1693 211 1759 Nam
228 1703 262 1761 et
278 1697 392 1779 ipsum
409 1718 519 1781 aquae
538 1697 691 1779 duct-um,
708 1719 772 1781 per
788 1719 890 1781 quem
907 1696 1063 1762 intrabat
1078 1716 1180 1778 aqua,
1197 1692 1253 1758 cra

121 1806 157 1865 et
176 1806 300 1882 postea
322 1801 456 1865 evertit.
489 1799 647 1884 Cumque
669 1801 755 1866 haec
771 1801 918 1867 vidisset
933 1800 1049 1881 Iesus,
1072 1799 1162 1864 dixit
1183 1795 1253 1879 adp

120 1925 196 1968 rum
216 1903 315 1969 illum
339 1905 399 1987 qni
421 1903 653 1988 dissipaverat
674 1905 771 1970 lacus
794 1926 890 1970 suos:
928 1903 958 1970 Ο
983 1923 1101 1969 semen
1124 1900 1253 1984 iniquit

121 2006 321 2090 pessimum,
345 2005 431 2072 ofili
447 2009 579 2089 mortis,
603 2008 739 2074 officina
757 2015 911 2089 satanae,
933 2028 1011 2073 vere
1035 2009 1102 2072 erit
1121 2004 1252 2069 fructus

121 2110 224 2174 minis
241 2109 293 2174 tui
311 2111 386 2174 aine
403 2111 531 2194 vigore,
550 2118 585 2178 et
600 2112 737 2177 radices
755 2118 834 2177 tuae
853 2113 927 2177 sine
944 2111 1100 2191 humore,
1118 2114 1154 2173 et
1170 2107 1251 2172 rami

121 2212 227 2294 aridi,
250 2232 320 2277 non
342 2213 497 2279 ferentes
518 2215 681 2280 fructum.
712 2216 759 2281 Et
782 2237 860 2281 mox
875 2213 1075 2280 videntibus
1094 2211 1253 2277 cunctisr

122 2316 235 2381 factus
254 2322 307 2380 est
322 2338 411 2399 puer
427 2323 462 2382 et
478 2324 635 2384 mortuus
653 2326 716 2385 est.

580 2539 701 2607 Carnu
724 2540 870 2606 XXIX.

209 2691 348 2757 Deinde
371 2694 515 2759 tremuit
533 2694 663 2779 Ioseph
686 2702 721 2760 et
741 2696 856 2760 tenuit
876 2694 1009 2774 Iesum,
1032 2699 1067 2758 et
1089 2692 1163 2758 ibat
1185 2710 1253 2755 cum

123 2794 168 2861 ad
185 2794 324 2860 domum
340 2818 448 2877 suam,
466 2803 501 2862 et
517 2806 627 2865 mater
643 2821 720 2864 cum
737 2819 789 2864 eo.
825 2798 873 2863 Et
889 2818 969 2863 ecce
988 2796 1105 2861 subito
1124 2816 1164 2858 ex
1180 2793 1253 2858 adre

123 2920 211 2982 puer
227 2899 382 2982 quidam,
405 2902 531 2984 etipse
550 2905 730 2985 operarius
748 2902 963 2986 iniquitatis,
986 2919 1130 2965 currens
1151 2894 1249 2961 intuli

124 3022 230 3084 super
245 3002 425 3067 humerum
436 3000 530 3085 Iesu,
548 3005 667 3071 volens
685 3027 763 3071 eum
781 3005 922 3070 eludere
940 3009 1001 3070 aut
1011 3022 1138 3067 nocere
1156 3001 1185 3065 si
1195 3019 1252 3083 pos

123 3103 225 3168 Dixit
249 3110 365 3170 autem
391 3106 423 3169 ei
446 3106 561 3172 Iesus:
592 3107 673 3173 Non
695 3109 880 3174 revertaris
904 3128 1009 3172 sanus
1033 3105 1075 3170 de
1098 3105 1153 3169 via
1177 3110 1253 3167 tua*

123 3206 231 3272 vadis.
268 3207 316 3271 Et
340 3210 458 3273 statim
479 3212 611 3275 corruit
636 3217 671 3276 et
692 3217 849 3277 mortuus
876 3216 939 3276 est.
974 3208 1022 3273 Et
1048 3207 1252 3273 exclamaret

39 3378 42 3384 ,
124 3312 438 3393 parentesmortui,
455 3312 788 3397 quividerantquod
804 3314 1009 3393 factumest,
1027 3311 1199 3376 dicentes:
1218 3303 1253 3371 [ἶ]

123 3417 226 3477 natus
244 3418 298 3477 est
313 3413 370 3478 hic
387 3414 528 3480 infans?
550 3416 950 3500 Manifestumestquod
968 3414 1253 3492 omneverbumqr

122 3623 235 3685 Magnus
248 3639 316 3685 puer
334 3629 371 3673 eat
389 3626 451 3683 iste,
470 3631 495 3675 et
511 3643 603 3691 mappa
622 3629 704 3677 virtus
721 3629 796 3677 estin
815 3644 851 3676 eo.
877 3626 916 3675 Et
933 3626 1050 3675 abierant
1068 3626 1170 3689 qnidam
1181 3621 1253 3672 Iudae

119 3709 253 3773 principes
263 3710 423 3760 socerdotum
435 3709 490 3777 [et]
505 3715 701 3763 Pharisaeorum
713 3719 739 3762 et
750 3715 931 3762 nuntiauerant
943 3714 979 3762 eir
991 3712 1057 3777 quod
1070 3708 1221 3775 Iesuafiliaa
1230 3703 1253 3754 a

124 3794 230 3844 sabbato
242 3796 269 3843 ia
282 3802 414 3859 conspeetu
424 3799 516 3862 populi
527 3801 601 3862 siqua
613 3817 705 3864 mapsa
718 3804 743 3849 et
754 3799 955 3863 virtutemsecii.
986 3799 1154 3862 Diculpatsom
1166 3800 1202 3845 est
1212 3795 1250 3842 doc

124 3879 179 3927 bura
191 3881 321 3930 duodecim
334 3883 415 3931 tribua
427 3884 521 3933 Israel.

196 3965 320 4015 xxvul.
340 3966 485 4019 consentit
497 3984 516 4020 Ι)
529 3971 622 4034 paucis
633 3974 767 4036 exceptis:
792 3973 848 4021 Iam
860 3973 952 4021 iterum
965 3997 973 4006 ·
987 3969 1084 4018 coactis
1095 3970 1126 4018 de
1135 3965 1228 4034 populo
1237 3977 1253 4012 a

123 4051 191 4100 tid-vra
202 4054 330 4117 inserere
341 4054 417 4103 nimio
429 4072 516 4105 cerm
529 4082 537 4091 ·
550 4056 612 4106 illos
623 4059 794 4122 quosseeerat
805 4059 854 4108 Iee.
867 4063 913 4107 et·
928 4072 1103 4123 taquamquam
1116 4080 1125 4092 ·
1139 4057 1164 4104 in
1176 4054 1211 4102 eis
1219 4050 1245 4099 de

124 4135 192 4186 Nam
204 4142 229 4185 et
242 4164 250 4173 ·
263 4139 309 4187 doc
321 4140 427 4189 vidisset
435 4141 472 4190 Ie.
485 4142 553 4191 dixit
565 4144 599 4191 ad
611 4159 679 4191 mvn:
700 4144 721 4191 0
734 4160 813 4192 semea
827 4170 836 4180 ·
849 4161 863 4192 o
876 4159 939 4207 opas
951 4144 1075 4191 saraam
1088 4167 1097 4178 ·
1110 4157 1159 4191 non
1171 4139 1253 4206 afferet

125 4224 163 4272 Εί
175 4225 294 4274 videntia.
307 4227 404 4275 eunctis
416 4251 424 4261 ·
437 4231 463 4275 et
474 4231 594 4276 mortuus.
621 4226 744 4278 Ceterum
758 4229 819 4277 huic
834 4229 918 4292 capiti
931 4229 1096 4277 simillimum
1111 4224 1202 4277 XXVI.

193 4311 231 4359 Ex
244 4324 260 4357 a
274 4311 326 4360 huc
339 4313 433 4362 confer
446 4326 513 4376 quae
526 4328 606 4376 supra
619 4314 653 4364 ad
665 4314 759 4371 XXVI,
774 4318 796 4363 1.
810 4314 1009 4379 adscripsimus.

193 4413 287 4462 XXIX.
305 4414 422 4464 edidere:
435 4415 519 4466 codex
531 4430 549 4465 Δ
562 4416 666 4474 elidere,
679 4418 727 4467 sed
736 4431 755 4467 1)
766 4419 907 4469 confimat
918 4419 1030 4469 eludere.
1045 4415 1048 4484 Ι
1068 4417 1139 4466 Unde
1151 4420 1225 4465 natac
1234 4427 1253 4461 a

123 4499 224 4564 insana.-
241 4501 273 4550 ab
291 4502 333 4550 his
352 4501 415 4552 inde
428 4503 515 4552 verbis
529 4502 694 4553 conferenda
707 4510 772 4553 sunt
784 4519 852 4568 quae
869 4520 900 4555 ex
914 4504 1007 4554 codice
1025 4517 1041 4552 a
1060 4503 1109 4553 sub
1122 4501 1220 4559 xxvi,
1237 4500 1253 4549 2

731 4690 744 4735 ἶ.

713 4762 725 4797 r
744 4738 748 4745 '
