2880 5062
191 395 304 440 ,mv
653 374 926 427 rnouuuoamua.

191 529 313 595 litteris
336 528 567 611 consignatum
588 526 763 609 reliquisse
779 525 934 590 dicuntur
954 525 999 589 in·
1011 524 1215 592 bibliotheca
1228 525 1384 594 Hieroso·

158 698 166 706 .
190 641 399 726 lymitana1).

278 752 385 838 Quam
407 749 450 816 ad
472 750 705 834 antiquitatem
725 747 807 814 haee
829 748 971 814 historia
991 747 1127 832 Iosephi
1148 749 1237 816 iabri
1257 749 1386 835 lignarii

191 864 366 932 referenda
388 865 445 946 sit,
471 862 661 928 accuratius
683 860 811 926 definiri
832 862 960 942 poterit
981 861 1039 927 ubi
1061 861 1102 926 de
1123 868 1274 945 tempore
1296 864 1384 929 insti·

190 983 282 1044 tutae
304 976 482 1042 memoriae
496 973 632 1056 Iosephi
653 973 760 1038 festae
783 978 990 1055 compertum
1011 972 1121 1038 fuerit.
1164 972 1298 1039 Rursus
1313 996 1385 1041 vero

189 1089 266 1154 inde
288 1086 376 1172 quod
403 1084 534 1151 libellus
561 1090 676 1150 noster
704 1084 846 1167 coptice,
878 1083 1068 1168 etquidem
1094 1085 1131 1148 in
1158 1092 1302 1170 utraque
1324 1086 1387 1152 dia·

188 1200 275 1265 lecto
300 1205 334 1264 et
355 1197 568 1280 memphitica
589 1202 623 1260 et
645 1194 807 1275 sahidica,
831 1194 974 1278 scriptus
995 1197 1171 1278 reperitur,
1194 1198 1387 1264 concluden-

189 1310 266 1376 dum
288 1306 404 1375 estad
427 1329 580 1391 magnam
602 1307 673 1372 eius
696 1306 842 1371 instituti
866 1299 1109 1389 antiquitatem
1154 1306 1297 1375 Saeculo
1320 1309 1396 1399 iere¹

189 1427 309 1506 quarto
339 1421 368 1485 si
390 1418 535 1502 Goptum
562 1423 731 1483 auctorem
759 1417 930 1500 scripsisse
957 1417 1111 1501 dicimus,
1139 1420 1224 1485 nihil
1251 1421 1288 1485 in
1315 1422 1386 1505 ipso

187 1533 274 1599 libro
299 1532 330 1597 ei
353 1531 538 1597 sententiae
560 1530 765 1595 contrarium
786 1529 991 1595 habebimus.
1028 1529 1193 1596 Convenit
1208 1533 1297 1597 enim
1313 1533 1387 1599 sim·

188 1644 322 1728 plicitas
345 1663 411 1726 qua
437 1663 491 1707 res
514 1662 555 1706 ex
577 1641 746 1724 evangelio
768 1638 884 1706 Iacobi
907 1642 1032 1723 petitae
1053 1662 1114 1724 per
1135 1643 1250 1725 priora
1271 1664 1388 1709 novem

189 1755 302 1838 capita
331 1761 518 1819 narrantur.
562 1751 650 1817 Item
679 1773 734 1817 res
763 1772 847 1834 quae
875 1751 1058 1834 Iosephum
1090 1775 1201 1819 senem
1229 1759 1388 1839 spectant,

190 1878 274 1950 quae
301 1870 440 1930 mortem
467 1870 501 1929 et
528 1864 712 1928 animarum
742 1863 873 1945 piarum
904 1868 1041 1944 statum,
1072 1885 1156 1948 quae
1187 1865 1325 1949 angelos
1355 1872 1388 1945 et

189 1978 298 2043 coelos
320 1976 520 2058 similiaque,
541 1980 580 2039 ut
601 1974 684 2039 nihil
706 1974 856 2039 novellae
878 1975 1127 2057 superstitionis
1149 1976 1313 2059 produnt,
1340 1979 1388 2042 ita

189 2087 393 2153 concordant
422 2086 564 2151 maxime
593 2107 667 2150 cum
696 2086 739 2149 iis
760 2085 964 2150 Iudaeorum
992 2085 1031 2151 de
1059 2086 1111 2151 his
1139 2086 1238 2152 rebus
1260 2089 1387 2172 opinio·

188 2199 286 2265 nibus
314 2219 400 2282 quae
426 2197 543 2280 primis
572 2196 711 2263 saeculis
739 2218 760 2261 a
782 2196 981 2263 Christianis
1010 2199 1110 2264 etiam
1137 2198 1309 2282 plerisque
1338 2220 1387 2264 re·

189 2315 305 2394 ceptae
333 2314 419 2373 sunt.
463 2307 621 2391 Inprimis
649 2307 795 2373 notabile
824 2314 874 2372 est
901 2309 1087 2373 convivium
1109 2308 1199 2374 mille
1222 2331 1386 2376 annorum

189 2422 297 2504 capite
324 2410 629 2501 adnumeratum,
658 2418 748 2501 quod
774 2423 851 2502 post
878 2419 1046 2483 saeculum
1073 2420 1211 2486 tertium
1237 2422 1293 2486 vix
1322 2444 1387 2487 am·

186 2533 274 2615 plius
304 2531 369 2595 nisi
387 2530 489 2613 ‘apud
518 2529 704 2594 haereticos
732 2532 965 2595 auctoritatem
993 2530 1157 2612 habebat3
1187 2532 1270 2597 item
1298 2532 1386 2617 quod

187 2643 296 2726 capite
324 2647 352 2708 5.
385 2662 473 2707 mors
502 2641 630 2706 instare
661 2640 784 2706 dicitur
809 2641 940 2706 Mariae
971 2642 1104 2726 virgini,
1137 2663 1237 2725 quam
1269 2645 1386 2727 quinto

186 2755 252 2819 iam
275 2753 408 2819 saeculo
431 2754 467 2818 in
490 2754 616 2819 coelum
638 2759 819 2818 assumtam
842 2773 912 2818 esse
934 2753 1108 2834 permultis
1130 2753 1293 2837 placebat.

272 2865 394 2931 Restat
416 2870 453 2929 ut
468 2865 509 2929 de
532 2863 676 2929 editione
699 2869 814 2928 nostra
834 2864 1043 2947 explicemus,
1066 2886 1166 2948 quam
1182 2865 1225 2930 ab
1241 2866 1388 2934 editione

186 2977 335 3061 principe
358 2976 499 3041 Wallini
521 2975 672 3057 inprimis
694 2974 847 3058 pendere,
870 2977 937 3040 iam
960 2997 1061 3058 supra
1083 2976 1305 3058 significatum
1329 2986 1387 3045 est

188 3085 391 3170 Georgius
414 3088 500 3152 enim
524 3085 743 3168 walliaco,
770 3087 904 3151 natione
929 3085 1064 3170 Succos,
1087 3109 1127 3152 ex
1150 3087 1219 3153 cod.
1239 3110 1300 3153 ms.
1322 3090 1388 3155 Pa-

186 3199 319 3264 risiensi
335 3198 476 3264 arabice
499 3196 611 3280 edidit,
635 3196 748 3261 addita
762 3197 911 3262 versione
926 3196 1032 3263 latina
1048 3204 1081 3263 et
1096 3220 1216 3282 magna
1230 3206 1393 3266 notarum

118 3370 123 3378 .
187 3311 295 3393 copia,
327 3331 414 3374 anno
446 3309 575 3389 17221).
629 3305 783 3372 Oodicem
815 3329 889 3372 eum
919 3308 1090 3373 arabicum
1120 3310 1155 3373 in
1183 3307 1394 3377 bibliotheca

186 3422 296 3505 Regia
318 3427 467 3487 notatum
490 3419 570 3484 dicit
594 3416 758 3482 Wallinus
783 3439 918 3484 numero
942 3417 1211 3485 COOOXXXII
1221 3420 1260 3502 ³).
1305 3422 1392 3492 Ver.

274 3594 297 3659 ¹)
315 3597 351 3645 Et
367 3596 394 3646 h.
411 3597 429 3645 l.
447 3601 476 3646 et
494 3597 522 3645 iu
540 3596 574 3645 iis
593 3610 661 3659 quae
680 3599 829 3659 sequuntur
846 3597 923 3659 plura
941 3596 1164 3646 conformarimus
1185 3596 1219 3645 ad
1237 3595 1252 3659 5
1272 3600 1315 3648 14.
1335 3598 1387 3649 dia·

187 3683 344 3732 certationis
363 3686 472 3731 nostrae
490 3681 634 3746 Hagaua03
660 3681 695 3731 ei.
714 3696 774 3746 pag.
788 3681 821 3730 52
840 3696 899 3745 sqq.

272 3766 296 3830 ²)
315 3768 389 3819 Libri
408 3769 506 3818 titulus
524 3769 569 3819 hic
588 3773 644 3819 est:
667 3767 788 3818 Historia
807 3767 917 3833 losephi
934 3767 1006 3818 fabri
1024 3768 1141 3832 lignarii.
1176 3768 1260 3818 hiber
1278 3785 1384 3836 apocry-

186 3855 256 3918 phus
280 3869 311 3903 ex
335 3852 428 3903 codiee
450 3856 632 3917 manuscripto
658 3853 757 3918 Regiae
784 3853 965 3903 bibliothecae
989 3851 1149 3903 Parisiensis
1176 3868 1250 3903 nuno
1273 3856 1381 3918 primum

186 3939 293 3988 arabice
312 3937 401 3987 editus
420 3950 469 3986 nse
488 3952 542 3987 non
560 3939 683 3988 versione
701 3938 788 3986 latina
807 3943 835 3986 et
853 3939 926 3987 uotis
943 3937 1098 3987 illustratus
1116 3936 1290 4003 aGeorgie
1303 3938 1381 3989 Wal-

186 4027 249 4085 lin,
273 4024 367 4075 Sueeo·
403 4024 519 4087 Lipsiae,
537 4023 721 4074 unccxxn.

272 4107 295 4173 ³)
314 4110 413 4159 Docuit
431 4109 509 4159 Thilo
529 4125 560 4159 ex
578 4111 654 4159 Actis
673 4109 832 4159 Sanctorum
850 4109 903 4158 iam
921 4107 1046 4158 ducentia
1064 4107 1142 4157 annis
1161 4114 1226 4158 ante
1239 4108 1382 4160 Walliuun

187 4196 294 4246 fabulae
313 4182 423 4246 nostrae
442 4196 567 4245 notitiam
586 4196 692 4246 dedisse
711 4195 878 4245 isidorum
897 4194 937 4244 de
956 4193 1116 4244 laelania.
1152 4194 1239 4244 Locus
1258 4194 1381 4246 Actorum

187 4282 213 4332 d
226 4281 295 4331 xix.
304 4281 397 4331 Martii
415 4285 480 4332 tom.
492 4281 544 4331 111.
563 4297 588 4345 p.
601 4283 625 4332 ⁷.
645 4283 683 4330 sie
702 4282 797 4331 habet:
816 4280 980 4330 Kalendaria
998 4280 1105 4344 coptieu
1123 4278 1157 4328 ad
1170 4279 1225 4329 XX.
1238 4279 1310 4330 diem
1323 4280 1382 4330 Iulii

186 4368 287 4418 {satum
306 4367 416 4431 losephi
434 4368 569 4424 referunt,
593 4371 621 4416 et
639 4367 667 4415 in
685 4381 717 4416 eo
736 4366 843 4431 quidem
861 4366 932 4430 quod
950 4365 1021 4430 apud
1040 4363 1185 4415 seldenum
1205 4370 1247 4415 eat
1265 4366 1336 4416 libro
1354 4365 1383 4416 de

187 4454 326 4520 synedriia
344 4454 525 4506 Hebraeorum
544 4454 578 4503 ad
597 4454 696 4503 calcem
715 4468 867 4516 expressum
886 4452 996 4502 additur
1014 4451 1083 4501 fabri
1102 4452 1221 4516 lignarii.
1258 4453 1383 4504 Testatur
