2880 5062
425 1449 927 1555 PRAEFATIO.

167 1910 247 1996 Quis
274 1919 326 1979 est
356 1914 413 1996 qui
444 1935 512 1978 uon
539 1913 668 1996 lugeat,
700 1880 955 1979 Constantinum
985 1910 1024 1976 de
1053 1910 1276 1979 TISCHEN-

55 2004 222 2107 DORF,
252 2024 361 2090 virum
392 2025 473 2089 artis
505 2024 641 2088 criticae
674 2023 997 2107 experientissimum
1029 2029 1129 2105 atque
1157 2023 1196 2088 de
1228 2024 1275 2088 in·

55 2134 267 2218 vestigando
309 2135 581 2218 restituendoque
623 2140 718 2200 textu
758 2156 825 2199 non
860 2134 965 2198 solum
1001 2134 1165 2200 librorum
1200 2157 1275 2200 vere

56 2245 246 2311 Racrarum
273 2245 332 2311 sed
359 2247 460 2312 etiam
488 2267 600 2312 eorum
623 2246 682 2328 qui
709 2267 769 2329 pro
800 2245 903 2310 sacris
929 2244 1047 2311 haberi
1073 2246 1190 2311 volunt
1215 2246 1275 2311 im·

58 2358 261 2423 mortaliter
297 2359 470 2441 meritum,
507 2357 624 2424 mediis
657 2358 691 2421 in
725 2356 897 2422 laboribus
933 2357 1155 2441 gravissimis,
1192 2379 1275 2440 quos

59 2470 227 2549 corporis
255 2469 423 2552 animique
452 2470 565 2551 vigore
593 2469 697 2534 frctus
727 2475 930 2552 susceperat,
959 2488 1070 2532 mense
1096 2467 1276 2533 Decembri
1322 2466 1331 2481 ⁰

59 2579 160 2642 anni
178 2579 493 2648 MDOOOLXXIV
507 2579 630 2645 litteris
654 2600 724 2646 esse
748 2580 911 2664 ereptum!
942 2580 1057 2644 Etiam
1079 2579 1176 2645 alteri
1198 2578 1275 2644 huic

63 2690 321 2773 evangeliorum
353 2689 618 2774 apocryphorum
652 2690 789 2756 editioni
825 2691 1021 2755 immortuus
1059 2696 1125 2771 est,
1162 2711 1275 2774 quam-

63 2802 177 2867 quam
211 2802 448 2885 propemodum
484 2800 525 2866 ad
557 2800 655 2866 finem
695 2822 767 2866 eam
804 2799 1019 2883 perduxerat3
1065 2800 1148 2865 nihil
1186 2801 1274 2866 enim

67 2899 298 2989 adjiciendum
327 2917 412 2994 erat,
439 2912 503 2977 nisi
530 2911 704 2995 praelatio.
747 2911 797 2976 At
823 2911 904 2976 haec
930 2912 1004 2994 ipsa
1032 2912 1060 2975 si
1082 2910 1162 2993 quid
1183 2911 1274 2976 aliud

67 3022 208 3092 Operam
231 3023 379 3107 ejusdem
402 3023 462 3088 viri
486 3022 691 3106 requirebat,
720 3022 777 3106 qui
800 3022 897 3087 huius
920 3021 1075 3087 editionis
1098 3023 1273 3088 consilium

68 3132 186 3199 mente
212 3141 409 3218 conceperat
437 3141 471 3227 et
500 3135 591 3199 solus
619 3154 733 3199 eorum
762 3155 845 3217 quae
873 3133 908 3198 in
936 3153 976 3198 ea
1002 3134 1150 3221 recentia
1178 3156 1272 3218 prae·

72 3235 199 3309 Stiterit
219 3246 285 3311 sibi
308 3246 461 3312 conscius
485 3252 565 3310 erat.
599 3243 708 3311 Tanto
733 3245 837 3329 magis
855 3244 1093 3328 deplorandum
1116 3251 1174 3329 est,
1197 3268 1272 3311 eum

72 3355 125 3408 ΗΘ
148 3351 320 3422 litterulam
347 3357 496 3440 quidem,
524 3356 644 3421 nedum
659 3356 953 3422 adumbrationem
975 3356 1141 3439 propositi
1164 3357 1215 3421 sui
1238 3362 1272 3423 et

74 3466 230 3533 1¹Ovorum
254 3467 487 3552 subsidiorum,
510 3489 594 3552 quae
617 3469 648 3533 ei
671 3469 903 3551 suppetierint,
930 3467 1115 3550 reliquisse.
1160 3467 1270 3553 Quare

76 3557 225 3643 diffidens
248 3579 376 3644 viribus
398 3580 480 3645 meis
503 3584 536 3645 et
559 3579 735 3645 reluctanti
758 3580 868 3644 animo
898 3578 1041 3643 officium
1070 3577 1270 3670 supplendae

80 3686 289 3756 praefationis
311 3691 526 3774 suscepicui
549 3691 667 3773 lubens
690 3712 741 3756 me
765 3690 1010 3772 subtraxissem,
1034 3688 1174 3755 simodo
1194 3710 1270 3754 con·

10 3834 12 3843 ·
81 3781 218 3884 tigisset,
241 3809 279 3867 ut
301 3800 399 3882 alius,
423 3802 479 3884 qui
503 3808 536 3866 et
558 3808 695 3884 paratus
719 3806 752 3865 et
774 3801 914 3866 idoneus
938 3807 1037 3883 esset,
1058 3801 1270 3865 inveniretur.

10 3886 13 3907 ⁵
84 3888 237 3995 Suscepto
270 3912 378 3978 officio
409 3912 549 3977 multum
581 3912 741 3996 temporis
772 3911 806 3975 in
838 3932 876 3976 eo
908 3911 1072 3994 implendo
1102 3912 1269 3977 consumsi

80 3999 205 4103 lamque
233 4046 307 4089 cum
339 4023 525 4108 legentibus
556 4023 777 4103 communic0,
815 4043 898 4106 quae
930 4022 1104 4107 diligenter
1135 4023 1269 4087 investi-

86 4127 186 4196 gando
205 4141 303 4219 atque
324 4134 380 4200 hic
402 4134 470 4199 illic
492 4134 667 4201 divinando
691 4134 869 4218 exploravi.

171 4254 194 4315 l.
224 4255 289 4320 Per
314 4259 420 4319 totum
444 4256 717 4321 commentarium
740 4255 782 4320 ad
806 4255 1072 4339 Protevauqelium
1093 4254 1204 4317 Jacobi
1228 4275 1268 4317 ex

90 4337 144 4414 illo
166 4363 264 4431 codice
286 4364 460 4432 Dresdano
485 4367 543 4449 (n),
571 4387 611 4430 ex
635 4387 700 4448 quo
724 4367 758 4430 in
781 4364 1032 4450 Prolegomenie
1055 4362 1178 4446 prioris
1201 4363 1267 4429 edi-
