2896 5062
164 382 298 429 nxxxvr
663 358 869 411 Puausaulo.

94 544 98 559 ·
124 541 126 545 ⁴
166 517 266 581 tionis
288 537 342 598 pp·
360 511 607 592 XX-XXIV
629 532 695 576 uon
718 531 843 593 paucae
865 511 1026 575 lectiones
1048 509 1148 575 datae
1170 514 1280 592 erant,
1308 509 1377 575 ali·

166 634 291 711 quanto
314 627 421 711 major
442 625 622 689 lectionum
644 644 801 688 numerus
823 622 973 687 accessit.

252 759 281 821 2.
317 756 373 821 Ad
396 754 698 833 Pseudo-Matthaei
720 751 810 835 quod
833 751 955 816 dicitur
982 753 1168 838 weregeldum
1190 751 1256 816 duo
1278 772 1372 817 nunc

166 869 308 952 primum
338 866 469 932 codices
496 866 638 931 adhibiti
666 872 758 947 aunt,
784 863 996 929 Monacensis
1021 868 1054 928 et
1075 864 1160 929 alter
1182 863 1240 948 qui
1263 884 1285 928 a
1309 885 1373 947 ap·

166 979 317 1063 pellatur.
379 978 511 1044 Codicis
553 976 768 1043 Monacensis
805 997 884 1040 usus
920 997 985 1040 non
1025 974 1237 1060 progreditur
1280 974 1373 1041 ultra

169 1112 238 1173 cap.
262 1089 295 1172 I,
322 1093 354 1170 13
391 1093 425 1154 at
454 1088 557 1153 codex
584 1088 639 1152 ille
667 1109 689 1152 n
716 1087 752 1152 in
780 1092 943 1170 apparatu
971 1087 1087 1152 critico
1116 1107 1220 1170 usque
1248 1085 1290 1152 ad
1316 1108 1374 1152 ex·

167 1210 309 1267 tremum
333 1222 403 1284 cap.
424 1199 554 1267 XXIV
577 1206 760 1282 comparet3
787 1220 856 1263 non
879 1197 980 1280 ultra,
1008 1219 1150 1281 namque
1172 1198 1242 1263 illic
1264 1197 1372 1264 codex

167 1313 270 1396 ipsius
298 1312 375 1377 libri
402 1312 501 1377 finem
528 1311 630 1393 pouit.
681 1310 810 1376 Passim
840 1309 944 1375 codex
971 1331 993 1374 r
1021 1331 1095 1375 cum
1123 1308 1236 1375 codice
1258 1330 1295 1391 u,
1329 1309 1375 1375 de

167 1445 232 1508 quo
261 1425 350 1489 illico
374 1423 522 1488 dicturus
550 1443 635 1504 sum,
663 1421 843 1503 consentit3
875 1421 1056 1485 communis
1082 1425 1134 1485 est
1160 1420 1212 1485 his
1240 1420 1374 1487 duobus

169 1535 336 1601 codicibus
366 1535 494 1617 primae
524 1535 568 1618 (i)
599 1538 633 1598 et
660 1530 824 1597 secundae
851 1552 970 1597 manus
997 1531 1175 1597 distinctio.
1224 1533 1277 1596 Ex
1305 1532 1374 1598 hoc

168 1647 238 1729 ipso
268 1646 424 1711 codicem
452 1644 721 1711 Tischendorfius
749 1644 784 1709 in
812 1644 921 1726 priore
950 1643 1094 1709 editione
1120 1664 1189 1708 non
1215 1644 1281 1708 nisi
1309 1644 1373 1709 ali·

170 1762 251 1840 quot
277 1756 437 1822 lectiones
465 1757 701 1837 exscripserat,
731 1775 819 1819 nunc
847 1754 922 1819 inde
950 1759 1080 1819 tantum
1108 1754 1220 1820 hausit
1248 1754 1377 1839 (idque,

170 1868 234 1933 etsi
256 1869 326 1950 ipse
351 1866 453 1932 codex
476 1888 542 1931 non
565 1865 647 1930 adeo
670 1865 852 1930 reverenda
877 1865 1078 1948 antiquitate
1105 1870 1268 1948 praestat,
1295 1887 1373 1931 cum

171 1980 390 2045 emolumento
414 2000 480 2042 non
505 1978 650 2064 exiguo),
674 1982 712 2042 ut
734 1981 823 2041 totus
845 1976 901 2042 ille
926 1976 1042 2059 codex,
1065 1976 1173 2059 qualis
1196 1976 1254 2059 sit,
1281 1998 1374 2044 nunc

169 2113 209 2156 ex
237 2090 450 2155 adnotatione
478 2089 596 2154 critica
623 2088 779 2173 cognosci
806 2088 921 2170 possit.
965 2086 1042 2153 Non
1065 2087 1214 2153 diversus
1242 2093 1294 2154 est
1316 2089 1378 2154 hic

170 2202 272 2267 codex
294 2222 317 2266 n
340 2223 360 2266 a
383 2200 494 2266 codice
517 2220 540 2264 n
563 2199 746 2265 Parisiensi
770 2200 989 2283 (num.1652;
1013 2220 1097 2264 saec.
1118 2198 1213 2284 XV),
1241 2221 1282 2265 ex
1306 2221 1376 2284 quo

170 2311 268 2378 Thilo
293 2311 455 2395 quaedam
478 2311 512 2375 in
535 2332 632 2375 usum
660 2332 754 2375 suum
782 2310 944 2375 convertit
974 2306 1138 2393 (Prolegg.
1160 2310 1203 2375 ad
1224 2310 1375 2394 priorem

170 2423 219 2525 ed.
241 2444 272 2505 p.
295 2421 634 2502 XXVIII-xx&
663 2443 770 2505 neque
794 2421 997 2503 dubitamus,
1020 2422 1100 2503 quin
1122 2418 1377 2488 Tischendoriio

167 2535 296 2599 interea
318 2534 428 2617 ipsum
451 2533 545 2597 illum
569 2531 715 2598 codicem
736 2531 940 2615 perlustrare
962 2531 1104 2597 licuerit.

255 2665 283 2727 3.
313 2661 369 2727 Ad
392 2661 585 2744 opusculum
609 2660 692 2725 illud
708 2660 795 2744 quod
815 2660 1009 2726 inscribitur
1024 2664 1060 2724 de
1075 2665 1229 2725 arduitate
1243 2660 1378 2726 Mariae

168 2780 352 2858 apparatus
379 2772 514 2837 criticus
541 2793 628 2836 nunc
656 2772 766 2836 codice
791 2770 934 2854 quodam
955 2772 1137 2837 Parisiensi
1165 2775 1284 2836 auctus
1309 2779 1380 2840 est.

169 2885 245 2951 Hoc
268 2883 462 2968 opusculum
485 2881 808 2948 Pseudo-Matthaei
836 2882 1005 2966 evangelio
1028 2889 1096 2947 tam
1119 2882 1217 2947 affine
1240 2885 1305 2963 est,
1335 2888 1376 2948 ut

170 2996 339 3062 amborum
350 3001 384 3060 et
395 2995 523 3059 codices
533 3000 567 3059 et
576 2992 739 3059 editiones
752 2992 1027 3059 aTischendorfio
1039 2994 1074 3059 in
1089 2993 1204 3059 eodem
1212 2994 1378 3078 Prolego·

171 3128 341 3172 menorum
365 3105 407 3171 ad
422 3105 568 3189 priorem
591 3103 639 3169 ed.
651 3105 759 3187 capite
776 3109 817 3189 (p.
828 3103 1158 3188 xxv-XXXIV)
1174 3109 1377 3170 tractentur.

171 3216 267 3284 Unde
290 3217 387 3283 facile
411 3218 485 3299 quis
508 3216 747 3281 existimaverit
768 3218 867 3281 istum
892 3216 1037 3282 codicem
1059 3216 1282 3282 Parisiensem
1306 3238 1375 3282 non

170 3328 270 3394 alium
294 3350 365 3393 csse
388 3333 489 3412 atque
517 3333 576 3392 aut
598 3347 616 3392 c
639 3333 697 3392 aut
718 3348 740 3391 u
764 3328 905 3411 (Proleg.
928 3350 959 3410 p.
975 3327 1164 3412 XXVIII).
1199 3326 1251 3391 At
1270 3326 1377 3410 falso;

79 3522 81 3526 k
170 3461 246 3505 nam
272 3438 351 3523 quid
379 3460 497 3505 causae
521 3460 592 3503 cese
617 3439 754 3519 dixeris,
782 3438 871 3522 quod
893 3437 931 3504 Τ.
953 3439 988 3503 in
1016 3439 1129 3522 priore
1145 3438 1303 3504 'editione
1333 3439 1377 3506 ad

170 3550 496 3617 Pseudo-Matthaei
525 3549 728 3634 evangelium
756 3549 848 3614 illum
871 3549 1073 3631 adhibuerit,
1101 3549 1142 3614 ad
1165 3550 1377 3617 nativitatem

170 3661 302 3727 Mariae
334 3684 401 3727 non
432 3662 538 3728 item?
587 3662 730 3727 Accedit
759 3662 847 3746 quod
873 3683 1037 3745 nusquam
1065 3662 1130 3727 alio
1156 3661 1288 3727 nomine
1317 3684 1376 3747 ap·

171 3773 317 3855 pellatur
340 3773 404 3837 nisi
428 3772 517 3854 „cod
533 3771 627 3838 Par.“
671 3771 793 3856 ltaque
817 3778 867 3838 est
890 3772 991 3838 codex
1015 3773 1149 3856 quidam
1172 3773 1382 3839 Parisiensis

172 3884 214 3947 ab
237 3889 380 3965 utroque
404 3883 562 3949 diversus.

257 4012 286 4075 4.
324 4009 380 4075 Ad
403 4011 604 4096 anuqeliam
633 4011 769 4076 Thomue
791 4011 872 4095 I(h.
889 4032 915 4075 e.
930 4017 1058 4095 graece)
1083 4032 1105 4076 s
1133 4011 1252 4077 melius
1276 4011 1380 4078 eden·

173 4120 249 4185 dum
277 4121 305 4184 ie
334 4120 437 4186 codex
469 4122 625 4204 Syriacus
653 4144 741 4187 nunc
774 4124 916 4205 primum
944 4121 1145 4188 adminiculo
1178 4122 1243 4188 fuit
1274 4143 1378 4207 quem.

174 4230 361 4298 Guilelmus
376 4231 565 4314 Wrightius
588 4239 665 4314 post
680 4231 1006 4299 Tischendorfianam
1029 4233 1273 4315 evangeliorum
1296 4255 1379 4317 apo·

174 4341 372 4426 cryphorum
401 4342 578 4407 editionem
601 4343 634 4406 in
657 4343 764 4408 lucem
787 4343 954 4427 protraxit
976 4345 1139 4428 simulque
1162 4344 1304 4411 latinum
1327 4345 1377 4411 fe-
