2896 5062
186 385 297 432 mm
674 366 946 419 rsouseounns.

229 539 251 584 s
273 519 294 583 i.
310 540 337 583 e.
352 517 458 584 Paris.
473 515 556 601 Reg.
571 538 659 581 nuno
674 515 809 582 Notion.
824 519 897 582 808.
920 538 1003 582 eaeo.
1019 517 1099 585 XV.
1135 517 1238 582 Hunc
1262 525 1390 584 textum

272 650 314 694 ex
336 628 485 694 Thilonis
508 628 654 694 editione
676 630 861 693 sumsimus,

231 759 249 804 o
271 742 291 805 i.
308 762 334 805 θ.
349 739 454 805 Palat.
469 739 581 808 Vatio.
596 762 684 807 num.
700 742 771 805 209.
795 762 880 806 εθθθ.
896 741 965 806 fere
980 739 1080 809 XIV.
1104 740 1229 824 Incipit
1243 763 1265 807 a
1279 743 1391 809 verbis

272 858 408 936 ἔρχεται
424 849 443 914 ὁ
458 850 654 937 μομογεμθὶσ
669 847 732 915 τοῦ
747 847 828 916 θεοῦ
843 851 918 916 υῑόσ
938 873 1008 934 cap.
1023 851 1072 917 ΙΙ.
1086 859 1170 919 extr.
1199 854 1392 937 Exscripsit

272 970 374 1046 atque
395 962 500 1027 edidit
521 963 675 1028 Birchius
699 963 784 1045 (vide
807 970 908 1044 ante).

209 1134 215 1144 .
249 1075 486 1140 Latinorum
508 1081 659 1139 textuum
675 1079 797 1159 primm
819 1082 871 1140 est
892 1073 1112 1142 Gestorum
1127 1074 1266 1141 Pilati
1305 1075 1392 1143 Con·

185 1186 348 1253 formatus
371 1190 423 1250 est
445 1184 488 1251 ad
510 1184 640 1250 codices
661 1185 770 1251 hosce.

227 1320 250 1363 s
271 1299 291 1364 i.
313 1318 340 1363 e.
359 1297 561 1377 Vaticanus,
589 1298 791 1380 nescioquo
819 1318 956 1363 numero
982 1304 1127 1365 notatus
1170 1298 1280 1364 Leetu
1307 1300 1392 1364 satis

272 1415 323 1475 est
346 1409 499 1491 difficilis,
523 1407 647 1474 saeculi
669 1409 738 1474 fere
761 1408 868 1474 XIII.
912 1409 1035 1476 Totum
1058 1411 1355 1493 transscripsimus.

228 1541 249 1585 n
272 1521 292 1584 i.
309 1541 335 1585 θ.
351 1520 460 1587 Vatic.
479 1542 566 1585 num.
581 1523 686 1601 4363„
709 1521 826 1586 similis
849 1523 962 1604 priori.
997 1521 1054 1587 Ad
1077 1524 1220 1605 priorem
1243 1522 1397 1588 codicem

271 1637 424 1697 accurate
448 1630 656 1697 contulimus.

131 1820 140 1841 Ι
229 1761 248 1806 o
270 1744 290 1808 i.
307 1764 334 1808 e.
349 1743 433 1810 Ven.
448 1743 554 1808 Maro.
578 1743 673 1807 class.
693 1741 794 1809 XIV.
818 1744 887 1808 cod.
908 1742 1047 1808 XLIII.
1070 1745 1195 1810 saeculi
1217 1744 1288 1810 fere
1310 1745 1405 1811 XV.

270 1852 392 1920 Totum
415 1854 709 1936 transscripsimus.

172 2042 175 2049 ἱ
226 1966 290 2030 o‘i.
301 1987 327 2031 θ.
343 1971 455 2030 textus
469 1965 626 2047 Fabricii,
642 1966 682 2030 de
699 1986 763 2048 quo
779 1965 853 2031 vide
869 1986 983 2048 supra3
998 1967 1078 2032 item
1087 1965 1173 2032 'Phil
1183 1966 1264 2033 (lod.
1279 1989 1408 2051 apocr.

270 2098 344 2160 pag.
360 2074 545 2143 CXXXV.

226 2189 291 2253 nli.
299 2187 672 2268 eaodeinnsidlensis,
682 2208 781 2271 quem
790 2186 1038 2253 antedecimum
1048 2189 1217 2254 saeculum
1226 2191 1398 2274 scripturn

270 2320 341 2363 θεεθ
352 2304 533 2364 autumant.
557 2297 777 2364 Collationem
789 2299 859 2364 eius
875 2321 949 2364 cum
965 2299 1108 2365 editione
1118 2299 1393 2368 Fabricianaex·

268 2410 377 2475 hibuit
397 2410 469 2475 Ioh.
484 2409 552 2475 Iac.
567 2409 658 2474 Hess
678 2411 713 2473 in
733 2409 937 2475 bibliotheca
955 2409 1117 2476 historiae
1138 2431 1264 2477 sacrae.
1296 2414 1388 2479 1791.

271 2521 309 2586 Ρ.
328 2524 354 2585 1.
372 2542 402 2603 p.
417 2523 598 2586 sss-483.
627 2521 681 2586 Ida
696 2521 871 2587 collatione
885 2527 963 2604 post
976 2521 1149 2587 Birchium
1163 2527 1197 2586 et
1211 2521 1391 2590 Thilonem

269 2633 389 2714 stipsi
412 2633 462 2696 usi
485 2654 606 2697 sumus.

225 2745 292 2809 n⁰i.
306 2765 333 2809 e.
350 2742 453 2813 codex
473 2743 692 2809 bibliothecae
714 2743 872 2826 principis
888 2742 1021 2807 Cossini
1044 2764 1131 2809 num.
1150 2746 1240 2809 1146.
1264 2748 1388 2812 saeculi

269 2853 445 2922 fereXIV.
467 2854 618 2920 Contulit
633 2876 708 2919 cum
716 2854 919 2919 Fabriciano
935 2857 1030 2918 textu
1039 2854 1256 2937 Engelbreth.
1277 2855 1388 2941 Quam

269 2966 481 3031 collationem
503 2965 628 3048 publici
650 2966 733 3029 iuris
753 2965 832 3029 fecit
847 2964 1002 3029 Birchius
1018 2967 1053 3029 in
1068 2965 1232 3031 Auctario
1251 2988 1314 3033 suo
1335 2991 1387 3034 co-

268 3078 350 3142 dicis
373 3098 481 3159 apocr.
497 3076 699 3141 Fabriciani.

184 3203 249 3253 sior
270 3190 291 3254 i.
305 3210 332 3253 e.
352 3188 422 3254 cod.
438 3188 654 3253 Florentinus
668 3186 923 3252 Laurentianus.
960 3186 1085 3253 Deficit
1106 3194 1183 3270 post
1204 3189 1306 3255 verba
1328 3193 1389 3254 Re-

270 3302 445 3386 spoadmtes
472 3300 578 3363 milites
606 3301 747 3362 diamant
775 3300 812 3364 Si
838 3300 945 3384 Ioseph
975 3299 1038 3384 [in]
1069 3301 1246 3364 Arimattic
1274 3311 1332 3382 est,
1363 3313 1392 3365 et

272 3414 354 3477 leuis
377 3416 408 3475 in
435 3411 557 3474 Galiba
580 3420 624 3474 est
650 3408 762 3489 XIII,
785 3412 814 3474 2.
858 3409 911 3475 Ea
933 3431 1019 3493 quae
1042 3410 1119 3474 inde
1141 3409 1193 3476 vel
1215 3412 1390 3495 descripsi·

269 3546 341 3588 mus
364 3523 416 3587 vel
440 3521 648 3604 contulimus,
671 3520 858 3604 significata
881 3527 958 3586 sunt
981 3522 1015 3587 in
1038 3521 1287 3588 commentario.

183 3636 290 3699 umbri.
301 3656 328 3699 θ.
337 3633 599 3699 Mediolanensis
609 3633 854 3697 Ambrosianus
870 3632 962 3699 035.
977 3632 1102 3698 saeculi
1117 3633 1185 3698 fere
1198 3632 1300 3701 XIV.
1320 3633 1390 3699 De·

273 3745 463 3827 scripsimus
490 3765 604 3827 usque·
622 3744 723 3809 verba
751 3746 901 3808 Novimus
924 3745 1023 3808 Iesum
1045 3746 1125 3808 tanc
1144 3746 1242 3830 fabri
1264 3746 1393 3832 b'quii

265 3856 374 3938 filium
405 3866 434 3919 et
459 3858 495 3918 de
517 3857 626 3919 Maria
654 3865 769 3920 mmm.
815 3854 959 3937 Reliqua
985 3854 1061 3920 inde
1084 3853 1234 3920 desumto
1257 3855 1301 3921 ad
1323 3856 1390 3923 De-

269 3987 423 4031 scensum
447 3965 572 4031 Christi
595 3967 774 4049 pertinent,
798 3986 882 4048 quae
905 3971 982 4047 post
1003 3965 1085 4030 vide.

183 4090 263 4141 Hevn
270 4079 291 4142 i.
302 4099 328 4142 e.
338 4075 541 4142 Havniensis
556 4076 633 4141 bibl.
643 4077 726 4160 Reg.
736 4098 823 4142 anno
836 4080 927 4142 1400.
944 4076 1094 4159 scriptus.
1124 4075 1212 4144 Vide
1227 4075 1315 4142 'Phil
1331 4078 1352 4143 l.
1367 4079 1388 4144 l.

269 4210 299 4271 p.
315 4186 552 4255 CXXXVIII
570 4208 626 4270 sq.,
650 4189 742 4252 cuius
759 4210 798 4253 ex
813 4189 901 4252 notis
917 4187 1094 4270 ahquoties
1110 4187 1327 4254 laudavimus.

200 4313 253 4364 11⁸1
268 4301 289 4365 i.
306 4321 332 4364 e.
347 4298 505 4364 Halensis
520 4297 598 4362 bibl.
610 4298 893 4383 orphanotrophei
909 4319 993 4363 saec.
1004 4297 1182 4367 fereXIV.
1203 4296 1293 4367 Vide
1301 4297 1389 4366 'Phil

267 4409 324 4477 rs
346 4390 377 4492 p.
393 4408 597 4476 cxxxvi.
634 4409 682 4476 ut
704 4432 811 4493 supra.
