2880 5062
179 1192 355 1265 INOIPIT
382 1189 648 1264 TRAOTATUS
670 1192 731 1263 DE
756 1188 984 1263 PUERITIA
1003 1191 1112 1264 IESU
1131 1180 1401 1265 slicUnltl'M

677 1309 879 1384 THOMAM.

219 1566 312 1617 Osror
331 1567 352 1615 1.
389 1566 563 1625 QUOMODO
581 1567 693 1617 Mlius
711 1567 755 1616 ΕΤ
774 1566 903 1617 IOSEPH
923 1567 1125 1617 FUGIERUNT
1145 1565 1219 1616 CUM
1239 1565 1280 1616 EO
1296 1565 1328 1615 lu

691 1652 866 1702 EGYP'I'UM.

266 1805 275 1836 ¹
295 1800 381 1867 Oum
398 1801 491 1867 facta
507 1801 634 1867 fuisset
649 1802 882 1883 conturbatio,
904 1803 1068 1885 quonism
1085 1803 1270 1886 requisitio
1284 1799 1391 1865 laeta

179 1904 249 1969 fuit
264 1904 306 1969 ab
324 1905 467 1971 Herode
486 1905 528 1970 de
545 1906 684 1972 domino
703 1913 822 1972 nostro
839 1905 922 1970 Iesu
940 1903 1097 1985 Christo,
1119 1912 1160 1969 ut
1181 1925 1259 1969 eum
1273 1903 1392 1967 inter·

144 1999 145 2002 '
179 2007 315 2088 ficeret,
338 2014 423 2072 tuno
447 2009 592 2091 angelus
610 2009 698 2074 dixit
719 2009 762 2074 od
778 2008 924 2091 Ioseph:
957 2007 1057 2073 Tolle
1074 2007 1225 2072 Mariam
1246 2013 1280 2072 ot
1295 2022 1390 2089 pue·

179 2109 360 2191 rumeins,
377 2116 413 2175 et
429 2110 510 2193 fuge
528 2111 749 2195 inEgyptum
767 2110 891 2176 atocio
909 2130 1029 2175 eorum
1041 2111 1101 2192 qui
1113 2114 1286 2193 quaerunt
1298 2123 1390 2173 oum

182 2211 391 2276 interficere.
425 2211 513 2277 Erat
528 2219 645 2278 sutem
661 2214 762 2279 Iesus
785 2233 955 2278 annorum
974 2211 1014 2276 II
1031 2232 1108 2276 cum
1131 2212 1306 2295 ingressus
1321 2208 1391 2273 ost

180 2313 217 2377 in
233 2313 418 2398 Egyptum.

266 2417 277 2450 ¹
294 2417 342 2481 Et
357 2417 603 2483 deambulante
621 2439 662 2484 eo
679 2438 878 2502 peregrum
895 2418 1121 2497 seminatum,
1144 2417 1295 2500 porrexit
1308 2430 1391 2479 nua-

179 2540 262 2584 num
279 2526 315 2583 et
330 2520 413 2585 tulit
430 2520 471 2585 (le
490 2522 597 2604 spicis
615 2528 650 2587 et
664 2521 784 2606 posuit
800 2542 859 2586 ess
877 2542 982 2604 super
1004 2520 1121 2604 ignem
1143 2525 1179 2584 et
1195 2514 1389 2587 trituravit,

180 2628 215 2686 et
232 2622 349 2705 coepit
365 2623 557 2689 comedere.

266 2722 382 2789 ³Ou1u
405 2733 521 2791 sutem
542 2727 578 2791 in
593 2727 769 2811 Egyptum
792 2727 1013 2808 introissent,
1037 2731 1251 2809 aeceperunt
1264 2715 1391 2802 hospi·

181 2827 269 2892 tium
294 2827 330 2891 in
354 2828 454 2893 domo
482 2829 662 2895 cuiusdam
682 2829 824 2911 viduae,
851 2834 886 2893 et
911 2828 1072 2893 lecerunt
1097 2829 1133 2892 in
1160 2827 1281 2892 eodem
1299 2825 1388 2889 100⁰

179 2951 309 2994 annum
326 2952 444 2995 unum.

266 3035 277 3067 ⁴
293 3032 342 3097 Et
362 3033 475 3099 factus
498 3039 552 3099 est
568 3034 668 3100 Iesus
691 3035 773 3100 anni
795 3034 903 3099 tertii.
934 3034 1076 3099 Etcum
1092 3033 1240 3100 vidisset
1253 3038 1387 3116 pueros

180 3133 354 3217 ludentes,
382 3138 499 3220 coepit
522 3137 644 3203 ludere
674 3160 752 3202 oum
777 3138 838 3203 eis.
884 3137 932 3202 Et
956 3138 1095 3220 occepit
1118 3137 1251 3221 piscem
1275 3140 1387 3200 unu¹¹¹

180 3236 316 3301 ariolum
334 3245 369 3302 et
385 3240 481 3304 misit
497 3260 576 3304 eum
599 3240 634 3303 in
650 3240 793 3323 pelvim,
818 3246 854 3306 et
868 3240 1052 3324 proecepit
1073 3240 1106 3304 ei
1128 3246 1168 3305 ut
1182 3232 1386 3323 palpitaret·

250 3446 271 3503 I,
292 3449 315 3495 1.
342 3447 377 3496 Ct
387 3447 422 3496 sd
435 3449 501 3497 lissa
514 3448 557 3498 Ps.
570 3450 670 3499 Motth.
683 3452 724 3500 25.

249 3531 272 3580 2.
293 3531 425 3583 Similiter
438 3535 567 3598 scriptum
580 3540 623 3584 est
636 3536 664 3585 in
678 3517 771 3586 codice
784 3549 801 3584 s
815 3534 856 3597 (cf
866 3534 900 3584 sd
914 3535 957 3584 Ps.
970 3535 1070 3584 Mstth.
1084 3534 1163 3583 XXV.
1176 3530 1333 3593 sulnotsts)²
1356 3515 1387 3607 1}

179 3616 230 3664 illa
241 3618 340 3680 quidam
352 3619 394 3666 die
412 3620 497 3669 exieus
509 3621 582 3669 Iesus
599 3622 630 3669 tle
643 3622 747 3670 ciuitate
766 3620 814 3668 illa
828 3622 948 3683 perrexit
963 3621 991 3668 ia
1008 3636 1099 3683 aprum
1110 3617 1167 3682 [et]
1181 3619 1242 3669 tulit
1257 3618 1287 3666 ule
1303 3606 1389 3679 εγω*

171 3703 303 3767 frumeuti
314 3705 341 3750 s'a
353 3721 427 3754 suaau
440 3722 495 3754 sua.
514 3707 640 3756 Esoerm
652 3708 687 3755 ad
697 3708 825 3756 civitatem
837 3707 911 3755 illam
921 3708 1008 3767 posuit
1019 3721 1063 3754 eas
1075 3720 1152 3767 super
1163 3705 1245 3768 ipses»
1256 3695 1389 3751 triturfft

179 3804 231 3844 eas,
244 3792 270 3835 et
281 3791 363 3851 coepit
374 3790 455 3838 edere.
480 3792 562 3841 Dedit
572 3797 656 3841 autom
668 3792 745 3842 talem
754 3794 870 3855 qratiam
881 3792 925 3840 illi
937 3808 1001 3855 apro
1013 3796 1042 3840 ut
1053 3790 1164 3854 siugulis
1176 3790 1250 3839 anuis
1262 3777 1388 3848 usust*

179 3873 217 3920 rit
234 3874 384 3931 seminatus,
401 3879 439 3924 tat
455 3877 551 3926 modios
566 3879 646 3941 praui
662 3879 762 3927 domiuo
779 3894 823 3927 sua
842 3877 937 3926 reddat
954 3881 1015 3940 quot
1030 3892 1116 3939 praua
1134 3877 1166 3925 de
1184 3877 1238 3938 ipso
1250 3855 1389 3924 amem*

182 3958 337 4021 Factumque
348 3963 394 4009 est.
420 3958 461 4011 Ct.
474 3967 510 4013 et.
523 3962 595 4012 intro
607 3978 665 4027 esp
678 3963 709 4013 ll.

249 4047 272 4092 3.
292 4044 391 4094 lisdem
410 4046 465 4095 iero
484 4047 566 4096 verbs
584 4049 612 4097 in
630 4063 648 4098 n
666 4049 850 4112 reperiuntur,
869 4063 937 4112 quse
956 4049 1008 4097 ism
1025 4046 1058 4096 sd
1072 4047 1115 4095 Ps.
1128 4046 1227 4098 matth.
1241 4046 1322 4095 XXV.
1344 4022 1390 4117 *Ψ

179 4129 343 4193 scripsimus.
374 4131 487 4196 Legitur
505 4134 575 4183 onim
594 4135 645 4183 ibi:
669 4135 761 4197 Iasepls
778 4139 861 4183 autom
883 4138 908 4182 et
926 4134 1018 4182 Maria
1034 4133 1171 4196 hospitium
1188 4123 1347 4195 anaspum?
1364 4118 1392 4156 ¹⁸⁸

179 4215 251 4264 domo
264 4216 394 4265 cuiusdam
406 4218 506 4276 uiduae,
517 4219 688 4283 feceruntque
699 4220 829 4268 assumis
842 4220 927 4269 eadam
942 4220 1005 4270 loca.

247 4303 272 4350 4.
292 4302 365 4352 Haeo
378 4303 418 4352 itu
430 4318 464 4352 n:
483 4304 522 4353 Et
530 4306 625 4370 faetus
636 4311 674 4355 est
685 4307 758 4356 lem
768 4322 892 4356 annorum
904 4307 989 4355 trium.
1014 4306 1054 4355 Et
1065 4320 1120 4354 oum
1131 4306 1237 4355 vidisset
1249 4304 1304 4354 luas·
1366 4286 1394 4325 Μ

175 4402 284 4448 pueros,
304 4390 387 4450 eoepit
402 4390 457 4451 ipss
467 4388 557 4439 ludere
568 4406 623 4439 eam
634 4392 678 4440 air.
704 4393 811 4456 Cumque
829 4393 967 4453 accepisset
975 4392 1071 4455 piscem
1083 4392 1186 4441 aridum
1199 4391 1242 4456 qui
1259 4390 1320 4440 erat
1333 4359 1395 4425 ’μ’

1315 4507 1325 4521 0
1356 4443 1397 4501 m

179 4470 250 4533 (eod.
263 4474 324 4535 soti)
337 4475 461 4532 iactatus,
478 4476 548 4526 misit
558 4493 613 4527 sum
624 4478 652 4527 ia
659 4478 754 4541 pelvim
766 4494 821 4528 aum
832 4494 901 4542 aqua
913 4482 939 4528 at
946 4479 1083 4541 praecepit
1094 4478 1120 4528 ui
1130 4481 1160 4527 st
1168 4477 1315 4541 palpitaret
