2880 5062
514 363 786 426 rnousoounss.
1212 388 1252 433 ῃ

134 516 293 600 Denique
316 520 444 581 eicedm
461 521 580 603 pennis
600 516 678 581 libri
695 517 720 581 ii
736 522 804 582 tres
822 518 879 600 qui
896 517 1016 601 reliqui
1035 524 1121 601 sunt,
1142 518 1251 584 Mors

44 626 189 710 Pilati,
213 627 378 711 Iosephi
400 628 596 707 narratio,
616 627 812 695 Vindicta
834 627 1074 712 Salvatoris,
1096 629 1164 695 fere
1187 631 1250 695 toti

47 740 177 805 nostris
196 739 357 804 debentur
375 738 502 803 studiis.
546 738 711 822 Iosephi
735 738 868 821 quidem
889 741 1163 805 narrationem
1185 742 1251 806 iarn

49 847 206 915 Bircbius
227 850 392 916 Auctario
422 871 483 914 suo
512 849 636 915 codicis
663 849 843 933 apocryphi
871 850 1071 933 inseruerat,
1104 851 1160 917 sed
1183 873 1251 916 ma·

52 958 119 1026 iore
142 982 218 1026 cum
240 961 422 1026 vitiositate
446 953 545 1044 quam
567 963 603 1025 in
625 960 697 1043 ipso
720 960 832 1025 codice
857 966 909 1025 est
931 981 992 1026 nec
1013 962 1082 1026 ulla
1105 962 1250 1046 religiosi

56 1070 188 1137 editoris
212 1093 293 1137 cura
313 1070 473 1137 adhibita
517 1071 588 1136 Nos
608 1092 681 1136 earn
697 1093 737 1136 ex
753 1071 880 1136 duobus
897 1071 1064 1136 codicibus
1081 1072 1251 1157 descripsi·

59 1201 124 1247 mus
146 1189 180 1248 et
200 1205 276 1249 cum
297 1183 414 1248 critica
435 1204 515 1248 cura
530 1182 701 1251 edidimus.
744 1181 889 1247 Ultimos
904 1203 981 1247 vero
998 1187 1162 1249 tractatus
1178 1183 1251 1266 duo,

64 1312 193 1375 quorum
220 1294 307 1359 alter
328 1293 438 1359 Mors
460 1292 589 1361 Pilati
611 1294 818 1376 inscribitur,
840 1293 924 1359 alter
946 1294 1141 1361 Vindicta
1164 1293 1251 1360 Sal·

69 1407 219 1489 uatoris,
255 1405 354 1490 primi
382 1406 417 1470 in
446 1405 553 1471 lucem
585 1406 823 1489 protraximus,
859 1405 1114 1489 anglosaxonioo
1152 1407 1252 1472 etiam

75 1534 131 1580 cun
149 1518 260 1583 latinis
284 1522 377 1583 textu
400 1517 531 1582 collato.

142 1627 231 1713 Quae
251 1628 384 1712 quidem
405 1629 434 1692 si
457 1627 772 1712 comprehendimus,
794 1627 869 1711 plus
886 1627 1107 1711 quadraginta
1129 1629 1249 1693 instru-

80 1740 172 1804 mentis
208 1739 333 1806 criticis
364 1745 562 1823 apparatum
594 1740 768 1804 clarissimi
799 1738 951 1803 'Philonis
983 1759 1161 1823 eorumque
1193 1739 1251 1823 qui
1303 1817 1310 1833 .

81 1845 151 1913 illum
176 1857 427 1934 praecesserunt
458 1872 579 1934 augere
610 1850 706 1915 nobis
738 1851 887 1933 contigit.
934 1848 1069 1932 Septem
1096 1850 1250 1915 editionis

81 1966 187 2027 rostrae
207 1960 339 2028 libellos
356 1963 455 2045 primi
471 1961 633 2041 dedimus;
656 1961 867 2026 emendandis
891 1960 1068 2043 evangeliis
1091 1963 1252 2044 antiquis-

82 2067 152 2135 simis
175 2095 257 2156 quae
288 2074 405 2139 Iacobi
434 2073 581 2139 Thomas
603 2072 777 2139 Nicodemi
808 2072 996 2138 nominibus
1027 2074 1252 2156 insigniuntur

83 2177 228 2258 plurimam
257 2205 392 2267 operam
423 2185 660 2268 impendimus3
691 2185 893 2269 reliquorum
925 2184 1008 2249 nihil
1040 2206 1106 2250 non
1137 2184 1252 2250 labore

83 2296 169 2359 nostro
190 2295 398 2362 emendatum
420 2300 479 2360 aut
501 2295 703 2360 illustratum
724 2295 843 2379 prodit.
882 2295 948 2360 His
965 2294 1084 2360 studiis
1100 2295 1252 2363 omnibus

86 2403 133 2465 elsi
148 2426 209 2471 rem
231 2428 365 2490 gravem
389 2428 475 2489 quae
498 2406 759 2489 intelligentibus
782 2408 860 2472 viris
884 2407 1014 2473 videtur
1036 2408 1195 2473 maiorem
1217 2407 1252 2471 in

86 2512 188 2582 modum
211 2524 400 2601 promotam
426 2539 499 2583 esse
524 2518 730 2599 confidimus,
757 2523 869 2582 tamen
891 2539 1103 2601 nequaquam
1125 2520 1174 2583 its
1195 2518 1253 2582 ab·

88 2620 191 2694 eolriae
211 2629 309 2695 nobis
323 2629 472 2695 ridemur
495 2635 532 2694 ut
554 2630 620 2694 iarn
638 2629 760 2695 nostris
780 2633 839 2693 aut
856 2630 997 2694 aliorum
1013 2629 1253 2711 quorum'hanc

10 2728 12 2743 '
87 2724 238 2806 litterarum
261 2746 392 2826 partem
413 2739 568 2807 subtilius
591 2762 688 2805 nosse
710 2741 842 2805 intersit
861 2739 1032 2805 desideriis
1055 2741 1187 2852 penitus
1209 2739 1252 2803 sit

89 2844 311 2936 &iubetumbs

91 2976 268 3002 g—

152 3063 171 3129 1)
190 3067 314 3120 Ceterum
338 3070 392 3120 tris
415 3074 480 3120 sunt
497 3085 513 3120 a
531 3068 645 3119 'Philone
669 3070 698 3118 in
722 3083 796 3118 snam
818 3068 1030 3134 apocryphorum
1053 3069 1251 3132 evangeliorum

89 3143 243 3206 collectionem
267 3161 377 3221 recepte
395 3172 462 3221 qnae
485 3158 514 3207 in
537 3160 655 3206 nostram
678 3171 733 3205 non
756 3157 914 3220 recepimus.
951 3155 1065 3205 Primum
1091 3159 1133 3204 eet
1156 3169 1252 3204 eren·

88 3232 179 3290 solium
196 3239 383 3293 Marcionis
401 3259 432 3293 er
449 3247 606 3295 anctoritate
622 3247 732 3292 veona
749 3248 960 3293 monumentorum
978 3244 1131 3306 descriptam
1149 3243 1180 3290 ab
1199 3243 1253 3291 Aa·

86 3322 227 3375 milae..
264 3327 314 3376 list
333 3327 401 3376 illud
420 3343 450 3377 er
470 3343 567 3392 genero
586 3329 653 3377 satis
672 3327 777 3377 diverso
796 3342 812 3377 r
829 3327 941 3391 reliquis
959 3320 1027 3391 <iure
1046 3326 1173 3376 dicuntur
1190 3340 1252 3388 epo·

88 3403 168 3464 crillis
184 3410 345 3474 evangeliis:
367 3409 455 3462 lmese
474 3413 544 3461 enim
564 3412 731 3477 evangelium
751 3416 801 3469 est,
820 3411 917 3461 studiis
935 3411 1082 3460 Marcionis
1099 3411 1252 3458 mutilatum

88 3488 265 3562 eieirruptum.
303 3498 399 3548 Potest
417 3514 480 3548 vero
503 3514 534 3548 ex
553 3498 718 3562 Epiphanio,
744 3497 911 3547 Tertulliano
936 3502 965 3546 et
987 3497 1094 3560 dialogo
1112 3495 1252 3545 Pseudori-

88 3575 174 3631 brinno
194 3587 281 3634 multo
305 3585 405 3634 rectius
428 3584 497 3634 disci
520 3600 586 3649 qnos
608 3586 657 3634 ille
681 3585 757 3634 locus
779 3584 925 3648 expulerit,
949 3585 1015 3634 item
1039 3598 1105 3647 quos
1129 3583 1252 3646 inprimis

87 3665 139 3710 ’Μ
155 3667 186 3718 ee
206 3673 327 3720 mentem
348 3670 506 3727 mutaverit,
530 3686 609 3734 quam
628 3669 846 3735 quemadmodum
870 3670 976 3733 singule
999 3684 1119 3733 quaeque
1143 3669 1251 3734 legerit.

86 3731 156 3798 ΡΜ
171 3753 240 3802 enim
258 3753 366 3817 quidem
385 3758 449 3816 epte
467 3753 590 3803 Hshnins
609 3768 668 3802 cum
686 3768 771 3817 eoque
789 3752 881 3811 Thilo,
906 3753 956 3802 viri
975 3752 1123 3810 clarissimi,
1147 3756 1252 3802 textum

86 3834 142 3885 men
163 3838 305 3889 Marcionis
332 3839 458 3889 dixerunt
484 3841 623 3890 maximam
648 3845 752 3904 partem
779 3840 973 3889 conformatum
996 3839 1035 3901 ,ed
1062 3838 1196 3889 editiones
1224 3840 1252 3890 in

87 3911 160 3971 “lolii
176 3926 299 3990 vulgatas
323 3925 474 3975 ediderunt.
509 3927 603 3975 Altero
625 3926 784 3989 libelloqui
808 3924 877 3988 apud
896 3925 1037 3976 Thilonem
1060 3926 1173 3990 legitur,
1198 3939 1252 3974 uon

86 3993 132 4051 Μ
149 4011 215 4074 ιριιᾱ
241 4026 302 4070 nos,
331 4013 481 4076 explicatur
505 4011 538 4061 de
566 4010 681 4061 codice
710 4011 878 4076 evangelii
906 4011 1068 4060 lobannis
1090 4007 1204 4060 Paririie
1225 4013 1253 4059 ie

85 4095 139 4141 Μ
152 4098 339 4161 mimice-cm
357 4099 487 4149 tabulario
506 4104 646 4149 mercato.
684 4097 757 4158 Quae
776 4113 817 4147 res
836 4112 916 4162 quum
935 4112 990 4147 non
1007 4096 1042 4146 ed
1059 4098 1252 4162 antiquitatem

10 4178 12 4193 '
86 4165 236 4236 eh‘illicimur
259 4186 307 4236 sed
330 4185 365 4236 ed
386 4187 537 4237 recentiore
560 4191 682 4251 tempora
700 4186 838 4250 pertinent
856 4211 887 4222 -
907 4186 964 4250 ipse
983 4185 1053 4234 enim
1072 4184 1155 4234 codex
1174 4199 1251 4248 quem

86 4266 109 4303 0¹
121 4268 259 4334 totiquiore
279 4270 386 4321 fluxiore
404 4270 512 4336 lingunt
530 4274 647 4321 asinum
665 4285 799 4320 rectorum
818 4271 1028 4321 instauratornm
1047 4283 1101 4320 non
1124 4269 1163 4317 ita
1186 4270 1251 4318 mul·

84 4342 126 4395 Μ
141 4353 296 4404 rnteoedere
320 4354 426 4404 videtur
447 4381 474 4390 -
495 4360 687 4418 praetereaque
710 4354 850 4403 arbitrium
873 4352 1009 4415 templarii
1034 4353 1150 4406 auctoris
1173 4367 1251 4402 even·

10 4472 12 4479 ·
83 4431 135 4492 pelio
149 4437 276 4490 lobannis
299 4441 447 4491 mutilando
471 4440 661 4507 interpolando
682 4439 885 4504 corrumpendo.
895 4439 983 4490 simile
1001 4438 1110 4505 quidem
1128 4439 1165 4487 sit
1183 4438 1252 4487 anti·
