2880 5062
198 369 223 414 χ
656 347 927 399 rsonaeourru.

289 504 385 566 Tertii
394 505 513 588 generale
526 499 655 565 libellos
670 499 830 564 edidimus
844 497 1012 564 tredecim.
1039 497 1191 564 Primum
1207 499 1310 565 hosce
1327 520 1398 565 sex:

199 613 327 682 Gesta
353 610 481 678 Pilati
508 631 651 694 graece
673 611 723 692 A,
753 630 897 695 graece
919 609 964 690 B;
993 611 1075 675 item
1101 610 1219 676 eadem
1244 608 1398 691 latine;

196 724 443 790 Descensum
470 721 625 788 Christi
653 720 699 785 ad
725 720 881 786 inferos
909 741 1071 804 graeoe;
1101 721 1183 785 item
1210 721 1341 786 latine
1364 723 1398 788 A

198 841 232 900 et
253 836 382 901 latine
405 833 443 898 B.
486 818 665 898 Pertinent'
683 832 767 898 haec
788 832 898 897 omnia
919 830 963 896 ad
985 831 1193 916 evangelium
1215 831 1395 899 Nicodemi

198 946 287 1030 quod
303 945 367 1011 dici
387 946 480 1027 solet,
503 945 595 1009 cuius
610 943 692 1009 duas
713 948 827 1027 partes
848 942 977 1008 idoneis
1000 942 1041 1010 de
1064 944 1191 1009 caussis
1214 944 1395 1027 separatim

197 1056 354 1122 dedimus
388 1055 517 1120 Rursus
537 1075 615 1119 vero
637 1059 733 1119 tanta
756 1059 807 1118 est
827 1075 928 1137 quum
952 1054 986 1118 in
1004 1074 1123 1138 graeco
1145 1054 1329 1122 Gestorum
1346 1054 1395 1120 Pi·

197 1169 257 1234 lati
279 1173 350 1233 tum
371 1168 406 1232 in
427 1167 531 1231 latino
551 1165 740 1230 Descensus
756 1164 883 1232 Christi
905 1171 1001 1230 textu
1022 1166 1238 1249 antiquorum
1259 1166 1394 1232 testium

198 1277 423 1360 discrepantia
443 1284 482 1342 ut
504 1277 587 1342 duae
610 1283 699 1342 certe
720 1276 931 1341 recensiones
953 1277 1113 1360 distingui
1136 1277 1288 1357 debeant,
1313 1299 1393 1361 qua-

196 1410 270 1454 rum
292 1395 467 1472 utramque
488 1389 621 1472 plenam
643 1394 677 1452 et
698 1388 889 1456 continuam
911 1388 1237 1469 repraesentavimus
1277 1389 1322 1453 In
1343 1389 1393 1455 his

125 1536 132 1545 -
198 1521 286 1565 nuno
321 1501 463 1583 primum
501 1522 521 1565 a
555 1499 651 1564 nobis
687 1499 796 1563 editur
835 1502 971 1563 textus
1009 1499 1227 1568 Gestorum
1263 1499 1393 1566 Pilati

196 1631 365 1694 graecus
391 1610 420 1675 B
451 1632 492 1675 ex
522 1609 630 1675 tribus
662 1609 844 1691 codicibus,
874 1611 955 1675 item
982 1631 1024 1675 ex
1050 1610 1193 1676 totidem
1223 1610 1393 1676 codicibus

195 1706 351 1786 latinus
377 1726 513 1787 textus
540 1720 625 1786 alter
646 1721 751 1786 libelli
774 1741 872 1803 quem
893 1720 1139 1787 Descensum
1161 1721 1319 1788 Christi
1345 1721 1393 1789 ad

195 1831 349 1898 inferos
377 1831 526 1897 diximus
569 1831 623 1896 De
651 1831 745 1897 libris
772 1831 911 1914 reliquis
939 1837 1082 1915 quatuor
1109 1831 1238 1900 Gesta
1263 1832 1393 1900 Pilati

196 1963 338 2049 graece
360 1945 395 2008 A
423 1944 646 2008 recensuimus
672 1943 715 2009 ad
736 1963 872 2026 graecos
896 1944 1024 2008 codices
1047 1947 1134 2026 octo,
1164 1964 1306 2041 quorum
1328 1945 1393 2011 duo

195 2054 416 2120 Monacenses
437 2055 559 2120 iterum
581 2060 614 2120 et
636 2059 790 2120 accurate
813 2054 1027 2136 contulimus,
1048 2059 1117 2119 tres
1139 2055 1224 2119 alios
1246 2055 1393 2123 sednon

195 2165 343 2248 integros
370 2165 469 2249 primi
493 2165 703 2230 excussimus
746 2165 929 2230 Praeterea
950 2164 1161 2230 adhibuimus
1184 2156 1283 2248 primi
1307 2188 1394 2232 sum·

196 2298 268 2342 mae
282 2277 459 2348 vetustatis
475 2275 632 2358 reliquias
648 2275 740 2358 duas,
761 2276 885 2341 alteras
901 2280 1017 2358 coptas
1031 2296 1247 2359 papyraceas,
1269 2277 1394 2344 alteras

194 2388 368 2471 pauciores
382 2388 503 2453 latinas
525 2408 565 2452 ex
587 2387 801 2469 palimpsesto
824 2387 936 2453 codice
959 2386 1107 2453 haustas.
1150 2388 1257 2453 Porro
1280 2409 1394 2472 grae·

194 2521 281 2565 cum
302 2498 531 2564 Descensus
546 2497 701 2563 Christi
723 2502 876 2562 textum
897 2498 941 2564 ad
963 2498 1092 2563 codices
1115 2498 1395 2567 conformavimns

192 2615 278 2692 tres,
306 2631 448 2693 quorum
474 2608 777 2693 praestantissimus
804 2608 950 2673 nondum
971 2609 1173 2675 innotuerat
1216 2610 1394 2678 Latinus

194 2742 271 2786 vero
297 2726 410 2786 noster
432 2720 649 2789 Gestorum
670 2720 800 2785 Pilati
827 2724 965 2784 textus
994 2743 1014 2785 a
1037 2720 1190 2786 Philonis
1212 2722 1396 2804 plurimum

194 2832 318 2913 differt3
340 2833 463 2916 quippe
479 2851 577 2915 quem
600 2831 740 2896 adacto
763 2835 875 2913 testes,
898 2851 1039 2913 quornm
1055 2832 1200 2914 quinque
1215 2831 1396 2901 Thilonem

194 2944 372 3027 latuerant,
394 2963 565 3009 recensere
586 2940 719 3007 licebat.
762 2941 876 3007 Minor
897 2942 985 3007 inter
999 2941 1174 3008 Thilonem
1196 2948 1230 3008 et
1252 2967 1309 3011 me
1329 2947 1396 3015 dis·

195 3055 365 3138 crepantia
392 3058 444 3119 est
470 3054 505 3118 in
532 3053 664 3117 altero
687 3053 819 3117 latino
842 3057 955 3118 textu
977 3052 1207 3119 Descensus
1230 3053 1395 3124 Christi

193 3166 241 3233 ad
267 3165 434 3245 inferos,
464 3184 664 3246 quamquam
690 3168 724 3228 et
750 3163 859 3245 ipsum
881 3184 922 3229 ex
943 3164 1095 3246 pluribus
1116 3165 1209 3230 novis
1232 3167 1405 3236 subsidiis

193 3283 228 3343 et
249 3276 492 3342 emendavimus
515 3280 549 3340 et
570 3274 815 3339 illustravimus

277 3387 335 3454 Ad
349 3387 436 3452 idem
447 3386 849 3473 tertiumyeauapertinent
863 3386 1083 3469 Anaphora
1096 3386 1225 3453 Pilati
1246 3409 1409 3471 graece

192 3502 227 3567 A
254 3505 288 3564 et
316 3519 456 3582 graece
478 3497 522 3581 B,
553 3497 634 3562 item
655 3495 873 3566 Paradosis
894 3496 1023 3562 Pilati
1050 3477 1193 3580 graece
1221 3504 1255 3564 et
1284 3502 1408 3570 altera

191 3611 320 3678 Pilati
344 3609 521 3692 epistola
542 3609 679 3674 latine.
722 3608 857 3674 Priores
874 3613 943 3673 tres
959 3630 1096 3692 graecos
1111 3609 1243 3676 libellos
1259 3611 1310 3678 ita
1326 3614 1403 3685 edi-

191 3725 299 3789 dimus
320 3726 358 3786 nt
380 3720 539 3803 cuiusque
561 3725 689 3786 textum
712 3719 755 3784 ad
777 3719 923 3803 quinque
947 3720 1077 3785 codices
1100 3721 1397 3805 constitueremus,

192 3854 333 3919 quorum
363 3831 520 3896 maiorem
550 3835 680 3914 partem
711 3851 752 3894 ex
782 3829 992 3896 bibliothecis
1023 3831 1267 3914 exscripsimus.
1317 3834 1390 3901 Nec

191 3943 275 4012 nihil
295 3943 372 4010 inde
396 3941 533 4007 subsidii
556 3941 731 4008 habuimus
753 3941 796 4006 ad
823 3941 1038 4025 repetendam
1065 3942 1234 4007 latinam
1257 3944 1387 4011 Pilati

192 4054 407 4140 epistolam
429 4074 501 4120 eam
521 4074 605 4136 quae
628 4053 806 4137 separatim
829 4052 882 4119 edi
905 4053 1002 4118 solet:
1025 4051 1195 4118 alteram
1217 4055 1308 4121 enim
1330 4078 1386 4125 nos

190 4187 325 4253 quoque
347 4186 389 4230 ex
410 4163 559 4230 codicum
580 4164 779 4230 auctoritate
802 4164 844 4230 ad
866 4163 965 4229 finem
986 4163 1175 4229 Descensus
1195 4164 1324 4233 Christi
1346 4167 1385 4235 ad

190 4277 315 4343 inferos
341 4276 444 4342 latine
466 4274 502 4340 A
529 4273 752 4355 adiunximus,
782 4273 1000 4358 expluribus
1028 4275 1238 4341 emendatam
1265 4278 1387 4346 instru-

190 4389 318 4455 mentis.
