2880 5062
547 361 819 414 10010001011.
1194 381 1284 427 nm

52 509 319 588 praefationem
343 512 467 594 excipit
488 512 709 595 fragmentum
730 512 891 580 Ootelerii
914 535 989 579 eum
1011 514 1099 580 notis
1120 515 1282 596 Fabricii3

55 622 149 686 tum
179 624 329 706 sequitur
351 608 462 688 textus
484 623 705 689 Bononiensis
732 646 807 689 oum
834 625 938 691 latina
963 627 1115 692 versione
1139 632 1172 692 et
1194 629 1283 693 notis

60 727 296 818 Mingarellii.

167 862 201 928 A
227 862 440 948 Mingarellio
469 863 511 929 ad
541 864 619 929 0101.
634 864 851 931 ‚Thilonem
879 865 1117 931 transeundum
1142 872 1202 932 est.
1246 865 1283 930 Is

60 979 216 1048 praeter
246 973 491 1040 Bononiensem
524 974 671 1040 codicem
701 997 721 1041 0
752 976 963 1061 Mingerellio
1000 974 1284 1060 repraesentatum

60 1077 234 1151 adhibuit
268 1084 372 1151 alium
408 1085 467 1152 sed
497 1107 659 1169 perquam
690 1087 846 1168 similem,
883 1087 1124 1171 Dresdensem,
1160 1089 1284 1154 saeculi

58 1186 154 1259 fere
175 1195 285 1277 XVI,
307 1197 473 1280 signatum
496 1199 531 1262 in
554 1197 632 1263 bibl.
655 1199 738 1283 Beg.
756 1198 790 1262 A
816 1201 885 1264 187.
906 1201 971 1264 i.e.
994 1199 1133 1267 eundem
1155 1200 1195 1264 de
1219 1222 1283 1284 quo

58 1321 184 1385 supra
205 1309 249 1374 ad
268 1307 553 1393 proterangelium
573 1309 724 1392 diximus,
747 1311 841 1374 ouius
864 1311 1073 1376 collationem
1097 1312 1195 1376 amici
1217 1318 1282 1376 stu·

57 1409 143 1480 diis
178 1419 327 1486 debebat
370 1399 428 1484 'Ad
459 1421 748 1503 commentarium,
779 1421 814 1485 in
845 1442 909 1504 quo
942 1443 1044 1504 quum
1073 1422 1220 1487 Fabricii
1251 1430 1285 1487 et

57 1520 289 1613 Mingarellii
315 1537 388 1596 tum
416 1552 494 1596 suas
522 1538 618 1597 notas
641 1531 744 1613 dedit,
773 1532 925 1598 adhibuit
948 1533 1169 1616 fragmentum
1191 1532 1285 1598 Pari·

57 1632 193 1706 siense
215 1647 317 1725 atque
340 1642 431 1708 aliud
453 1643 726 1724 Vindobonense,
749 1644 873 1725 passim
895 1645 962 1708 iam
985 1666 1005 1709 a
1026 1645 1185 1710 Fabricio
1208 1666 1285 1710 con·

57 1748 220 1838 mltum,
251 1753 342 1837 quod
364 1753 545 1820 Lambeoio
574 1755 722 1820 debetur.
767 1755 834 1820 Hie
861 1756 949 1820 enim
977 1757 1012 1820 in
1036 1756 1217 1823 Comment.
1245 1756 1284 1821 de

58 1855 164 1928 bibl
186 1864 281 1932 Caes.
295 1865 439 1935 Vindob.
467 1866 521 1930 lib.
540 1865 623 1935 VII.
645 1887 677 1948 p.
701 1869 763 1932 579
788 1887 835 1951 sq.
863 1888 903 1932 ex
931 1867 1000 1932 cod.
1023 1867 1140 1949 philos.
1168 1888 1285 1950 graeco

59 1966 243 2045 CXLIV.
258 1977 399 2060 protulit
415 1978 615 2061 principium
639 1978 799 2061 evangelii
815 1977 972 2060 Thomae,
995 1979 1085 2060 quod
1104 1978 1152 2043 ibi
1167 1985 1286 2060 quarto

59 2079 159 2154 loeo
180 2110 200 2155 a
222 2089 276 2156 fol.
296 2091 365 2155 180.
387 2109 493 2172 usque
516 2089 558 2154 ad
579 2088 634 2154 fol.
652 2091 731 2170 187.,
754 2089 906 2153 mutilum
925 2089 1058 2173 quidem
1080 2095 1113 2154 et
1129 2089 1286 2171 lacerum,

61 2190 151 2278 lssgi
179 2200 347 2266 indicavit.
392 2198 459 2265 Sed
488 2206 566 2282 post
590 2198 763 2265 Lambeoii
793 2206 944 2282 tempora
974 2221 1041 2265 non
1068 2199 1210 2282 amplius
1236 2201 1285 2264 in-

66 2317 218 2376 ventum
246 2317 312 2392 est,
340 2310 614 2394 quemadmodum
639 2312 707 2376 iam
728 2310 904 2376 Kollarius
927 2311 969 2375 ad
991 2310 1161 2376 Lambeoii
1184 2311 1287 2378 verba

69 2425 192 2488 notat:
216 2423 376 2506 „Frustra
396 2423 431 2486 in
454 2427 623 2505 posterum
644 2423 731 2487 liber
753 2422 793 2488 de
816 2423 958 2488 infantia
981 2421 1107 2489 Christi
1128 2423 1163 2487 in
1186 2423 1286 2488 hoece

74 2532 197 2600 codice
215 2540 409 2618 quaeretur3
430 2534 556 2600 furisne
579 2535 718 2599 alicuius
742 2534 865 2600 scelere
887 2556 930 2599 an
952 2535 1148 2599 recentioris
1170 2533 1287 2600 biblio·

77 2646 164 2728 pegi
183 2647 312 2712 incuria
333 2644 486 2729 perierit,
510 2645 618 2711 dicere
641 2665 710 2709 non
731 2645 845 2710 habeo.
891 2644 975 2711 Oum
998 2666 1084 2710 anno
1110 2645 1287 2709 16871100

83 2750 163 2832 ipso
185 2758 295 2824 codiee
325 2762 475 2823 uteretur
497 2755 639 2821 Iacobus
661 2755 804 2838 Tollius,
836 2755 945 2820 adhuc
972 2757 1007 2819 in
1035 2755 1148 2820 codiee
1177 2754 1287 2820 salvus

89 2875 262 2948 superorat
307 2867 395 2935 Vide
424 2868 519 2950 epist.
541 2868 650 2933 itiner.
673 2867 735 2934 IV.
763 2889 793 2949 p.
819 2870 888 2933 100.
933 2864 1055 2932 Το11101
1081 2865 1287 2931 Monatliehe

94 2969 413 3064 Unterredungcna.
438 2981 529 3044 1607.
552 2980 694 3061 p.554.“
738 2977 921 3043 Praeterea
949 2979 1083 3060 repetiit
1110 2976 1208 3042 Thilo
1238 2977 1288 3041 in·

98 3087 357 3169 terpretationem
380 3089 586 3173 Mingarellii
612 3110 633 3154 0
660 3110 695 3154 00
727 3095 920 3155 correctam.
969 3088 1112 3154 Dootam
1139 3108 1217 3153 vero
1249 3093 1288 3153 ut

104 3193 174 3263 tolet
191 3201 448 3286 disputationem
470 3200 510 3266 de
532 3201 675 3266 historia
696 3200 801 3265 libelli
824 3200 965 3265 inseruit
984 3199 1239 3283 prolegomenis.

173 3324 319 3394 Nostra
341 3327 483 3411 denique
505 3328 540 3392 in
564 3327 690 3393 edendo
713 3326 799 3392 libro
822 3349 924 3416 opera
946 3325 1029 3390 haec
1052 3325 1124 3390 fuit.

175 3453 337 3522 'lentum
359 3477 502 3541 graece
525 3457 560 3521 A
581 3456 807 3522 recensuimus
829 3455 871 3521 ad
892 3455 1022 3521 codices
1041 3453 1286 3519 Bononiensem

10 3580 13 3593 '
114 3564 139 3622 0
153 3561 377 3652 Dresdensem,
405 3568 555 3634 adhibito
584 3568 720 3651 insuper
743 3568 927 3651 fragmento
951 3561 1108 3648 utroque,
1136 3571 1170 3630 et
1192 3564 1288 3630 Pari·

115 3668 191 3742 010101
217 3687 249 3745 et
277 3674 537 3746 Vindobonensi.
587 3680 642 3744 Ao
673 3679 943 3744 Dresdensem
975 3677 1108 3759 quidem
1139 3675 1287 3742 codicem

116 3775 207 3853 iterum
234 3792 299 3876 ipsi
330 3795 485 3856 accurate
518 3790 732 3872 contulimus,
763 3788 849 3854 unde
876 3789 1001 3873 passim
1028 3788 1121 3871 prior
1152 3787 1286 3852 collatio

117 3899 287 3968 emerenda
324 3906 413 3983 erat,
449 3900 726 3985 quemadmodum
761 3902 866 3983 ipsius
902 3900 992 3964 tituli
1030 3899 1196 3981 scripturo
1227 3919 1287 3982 per

118 4016 231 4079 errorem
258 4033 331 4080 0000
355 4013 477 4078 dicitur
506 4006 582 4076 Τοῦ
614 4007 728 4096 Θωμᾶ
758 4032 817 4094 pro
848 4005 980 4094 Ooepci:
1012 4032 1111 4093 quem
1143 4003 1298 4075 errorem*

119 4106 294 4191 dedecimus
317 4123 475 4208 Bbertus,
498 4131 536 4188 ut
558 4122 701 4207 videtur,
724 4123 881 4206 praeivit3
913 4123 983 4188 eius
1006 4122 1094 4187 enim
1116 4142 1216 4185 manu
1239 4122 1294 4186 100Ι

118 4219 337 4322 dunginem
368 4240 485 4302 notata
516 4242 576 4300 est.
606 4210 725 4299 ’Porro
757 4233 1057 4300 Bononiensem
1088 4233 1287 4315 scripturam

118 4347 269 4413 aelllratius
292 4368 392 4430 quam
415 4346 504 4429 apud
527 4345 702 4412 Thilonem
724 4345 761 4410 fit
784 4366 825 4410 01
843 4345 1055 4429 Mingarellio
1079 4345 1285 4410 enotavimus
