<?xml version="1.0" encoding="UTF-8"?>
<!DOCTYPE html PUBLIC "-//W3C//DTD XHTML 1.0 Transitional//EN"
    "http://www.w3.org/TR/xhtml1/DTD/xhtml1-transitional.dtd">
<html xmlns="http://www.w3.org/1999/xhtml" xml:lang="en" lang="en">
 <head>
  <title>
</title>
<meta http-equiv="Content-Type" content="text/html;charset=utf-8" />
  <meta name='ocr-system' content='tesseract 3.04.00' />
  <meta name='ocr-capabilities' content='ocr_page ocr_carea ocr_par ocr_line ocrx_word'/>
</head>
<body>
  <div class='ocr_page' id='page_1' title='image "./evangeliaapocry01tiscgoog_0311.png"; bbox 0 0 2880 5062; ppageno 0'>
   <div class='ocr_carea' id='block_1_1' title="bbox 119 338 1243 411">
    <p class='ocr_par' dir='ltr' id='par_1_1' title="bbox 119 338 1243 411">
     <span class='ocr_line' id='line_1_1' title="bbox 119 338 1243 411; baseline -0.009 -13"><span class='ocrx_word' id='word_1_1' title='bbox 119 346 182 411; x_wconf 84' lang='grc'>206</span> <span class='ocrx_word' id='word_1_2' title='bbox 205 345 438 397; x_wconf 66' lang='lat' dir='ltr'>evincamus</span> <span class='ocrx_word' id='word_1_3' title='bbox 455 343 646 394; x_wconf 66' lang='lat' dir='ltr'>laesurus:</span> <span class='ocrx_word' id='word_1_4' title='bbox 663 341 854 393; x_wconf 70' lang='lat' dir='ltr'>sesamum</span> <span class='ocrx_word' id='word_1_5' title='bbox 873 339 981 392; x_wconf 76' lang='lat' dir='ltr'>xavn.</span> <span class='ocrx_word' id='word_1_6' title='bbox 1000 339 1126 391; x_wconf 77' lang='lat' dir='ltr'>xuvul.</span> <span class='ocrx_word' id='word_1_7' title='bbox 1146 338 1243 389; x_wconf 75' lang='lat' dir='ltr'>xulx.</span> 
     </span>
    </p>
   </div>
   <div class='ocr_carea' id='block_1_2' title="bbox 573 543 869 612">
    <p class='ocr_par' dir='ltr' id='par_1_2' title="bbox 573 543 869 612">
     <span class='ocr_line' id='line_1_2' title="bbox 573 543 869 612; baseline -0.014 -1"><span class='ocrx_word' id='word_1_8' title='bbox 573 543 693 611; x_wconf 74' lang='lat' dir='ltr'>Casus</span> <span class='ocrx_word' id='word_1_9' title='bbox 716 543 869 612; x_wconf 85' lang='lat' dir='ltr'>XLVII.</span> 
     </span>
    </p>
   </div>
   <div class='ocr_carea' id='block_1_3' title="bbox 122 695 1316 1202">
    <p class='ocr_par' dir='ltr' id='par_1_3' title="bbox 122 695 1316 1202">
     <span class='ocr_line' id='line_1_3' title="bbox 206 695 1316 785; baseline -0.005 -17"><span class='ocrx_word' id='word_1_10' title='bbox 206 701 290 770; x_wconf 85' lang='lat' dir='ltr'>Alio</span> <span class='ocrx_word' id='word_1_11' title='bbox 315 708 470 785; x_wconf 91' lang='lat' dir='ltr'>tempore</span> <span class='ocrx_word' id='word_1_12' title='bbox 497 722 575 766; x_wconf 89' lang='lat' dir='ltr'>cum</span> <span class='ocrx_word' id='word_1_13' title='bbox 598 701 733 784; x_wconf 87' lang='lat' dir='ltr'>vesperi</span> <span class='ocrx_word' id='word_1_14' title='bbox 759 698 918 765; x_wconf 90' lang='lat' dir='ltr'>dominus</span> <span class='ocrx_word' id='word_1_15' title='bbox 942 697 1044 762; x_wconf 92' lang='lat' dir='ltr'>Iesus</span> <span class='ocrx_word' id='word_1_16' title='bbox 1071 716 1153 762; x_wconf 89' lang='lat' dir='ltr'>oum</span> <span class='ocrx_word' id='word_1_17' title='bbox 1174 695 1316 781; x_wconf 87' lang='lat' dir='ltr'>Iosepho</span> 
     </span>
     <span class='ocr_line' id='line_1_4' title="bbox 123 800 1313 888; baseline -0.006 -16"><span class='ocrx_word' id='word_1_18' title='bbox 123 807 262 873; x_wconf 93' lang='lat' dir='ltr'>domum</span> <span class='ocrx_word' id='word_1_19' title='bbox 292 812 541 887; x_wconf 81' lang='lat' dir='ltr'>reverteretur,</span> <span class='ocrx_word' id='word_1_20' title='bbox 573 804 709 871; x_wconf 88' lang='lat' dir='ltr'>obviam</span> <span class='ocrx_word' id='word_1_21' title='bbox 739 804 864 870; x_wconf 91' lang='lat' dir='ltr'>habuit</span> <span class='ocrx_word' id='word_1_22' title='bbox 892 823 1053 888; x_wconf 90' lang='lat' dir='ltr'>puerum,</span> <span class='ocrx_word' id='word_1_23' title='bbox 1086 800 1151 884; x_wconf 92' lang='lat' dir='ltr'>qui</span> <span class='ocrx_word' id='word_1_24' title='bbox 1182 820 1313 867; x_wconf 86' lang='lat' dir='ltr'>currens</span> 
     </span>
     <span class='ocr_line' id='line_1_5' title="bbox 122 902 1312 997; baseline -0.006 -23"><span class='ocrx_word' id='word_1_25' title='bbox 122 912 235 997; x_wconf 91' lang='lat' dir='ltr'>ipsum</span> <span class='ocrx_word' id='word_1_26' title='bbox 250 917 321 976; x_wconf 89' lang='lat' dir='ltr'>tam</span> <span class='ocrx_word' id='word_1_27' title='bbox 335 910 560 976; x_wconf 81' lang='lat' dir='ltr'>vehementer</span> <span class='ocrx_word' id='word_1_28' title='bbox 574 908 714 994; x_wconf 83' lang='lat' dir='ltr'><strong>impulit</strong></span> <span class='ocrx_word' id='word_1_29' title='bbox 729 913 768 975; x_wconf 92' lang='lat' dir='ltr'>ut</span> <span class='ocrx_word' id='word_1_30' title='bbox 779 907 930 975; x_wconf 86' lang='lat' dir='ltr'>caderet.</span> <span class='ocrx_word' id='word_1_31' title='bbox 955 904 1022 972; x_wconf 81' lang='lat' dir='ltr'>Oui</span> <span class='ocrx_word' id='word_1_32' title='bbox 1033 902 1312 971; x_wconf 84' lang='lat' dir='ltr'>dominusIesus:</span> 
     </span>
     <span class='ocr_line' id='line_1_6' title="bbox 124 1005 1315 1099; baseline -0.007 -19"><span class='ocrx_word' id='word_1_33' title='bbox 124 1013 424 1099; x_wconf 78' lang='lat' dir='ltr'>Quemadmodum</span> <span class='ocrx_word' id='word_1_34' title='bbox 447 1035 501 1080; x_wconf 90' lang='lat' dir='ltr'>me</span> <span class='ocrx_word' id='word_1_35' title='bbox 522 1013 720 1098; x_wconf 88' lang='lat' dir='ltr'>proiecisti,</span> <span class='ocrx_word' id='word_1_36' title='bbox 747 1014 798 1079; x_wconf 87' lang='lat' dir='ltr'>ita</span> <span class='ocrx_word' id='word_1_37' title='bbox 819 1012 922 1080; x_wconf 87' lang='lat' dir='ltr'>cades</span> <span class='ocrx_word' id='word_1_38' title='bbox 943 1030 1058 1094; x_wconf 88' lang='lat' dir='ltr'>neque</span> <span class='ocrx_word' id='word_1_39' title='bbox 1079 1028 1217 1093; x_wconf 80' lang='lat' dir='ltr'>surges.</span> <span class='ocrx_word' id='word_1_40' title='bbox 1258 1005 1315 1073; x_wconf 83' lang='lat' dir='ltr'>lle-</span> 
     </span>
     <span class='ocr_line' id='line_1_7' title="bbox 124 1116 891 1202; baseline -0.004 -19"><span class='ocrx_word' id='word_1_41' title='bbox 124 1120 271 1202; x_wconf 90' lang='lat' dir='ltr'>demque</span> <span class='ocrx_word' id='word_1_42' title='bbox 289 1117 374 1183; x_wconf 89' lang='lat' dir='ltr'>hora</span> <span class='ocrx_word' id='word_1_43' title='bbox 390 1117 525 1182; x_wconf 90' lang='lat' dir='ltr'>corruit</span> <span class='ocrx_word' id='word_1_44' title='bbox 540 1137 628 1200; x_wconf 90' lang='lat' dir='ltr'>puer</span> <span class='ocrx_word' id='word_1_45' title='bbox 643 1121 679 1181; x_wconf 92' lang='lat' dir='ltr'>et</span> <span class='ocrx_word' id='word_1_46' title='bbox 694 1116 891 1200; x_wconf 81' lang='lat' dir='ltr'>exspiravit.</span> 
     </span>
    </p>
   </div>
   <div class='ocr_carea' id='block_1_4' title="bbox 563 1336 880 1405">
    <p class='ocr_par' dir='ltr' id='par_1_4' title="bbox 563 1336 880 1405">
     <span class='ocr_line' id='line_1_8' title="bbox 563 1336 880 1405; baseline -0.006 -2"><span class='ocrx_word' id='word_1_47' title='bbox 563 1336 684 1404; x_wconf 70' lang='lat' dir='ltr'>Orsus</span> <span class='ocrx_word' id='word_1_48' title='bbox 707 1337 880 1405; x_wconf 86' lang='lat' dir='ltr'><strong>XLVIII.</strong></span> 
     </span>
    </p>
   </div>
   <div class='ocr_carea' id='block_1_5' title="bbox 123 1490 1316 3748">
    <p class='ocr_par' dir='ltr' id='par_1_5' title="bbox 123 1490 1316 3748">
     <span class='ocr_line' id='line_1_9' title="bbox 208 1490 1305 1578; baseline -0.007 -17"><span class='ocrx_word' id='word_1_49' title='bbox 208 1495 297 1561; x_wconf 83' lang='lat' dir='ltr'>Erat</span> <span class='ocrx_word' id='word_1_50' title='bbox 319 1513 422 1578; x_wconf 89' lang='lat' dir='ltr'>porro</span> <span class='ocrx_word' id='word_1_51' title='bbox 443 1492 710 1578; x_wconf 85' lang='lat' dir='ltr'>Hierosolymae</span> <span class='ocrx_word' id='word_1_52' title='bbox 733 1492 874 1577; x_wconf 91' lang='lat' dir='ltr'>quidam</span> <span class='ocrx_word' id='word_1_53' title='bbox 894 1491 1077 1557; x_wconf 80' lang='lat' dir='ltr'>Zachaeus</span> <span class='ocrx_word' id='word_1_54' title='bbox 1104 1492 1241 1558; x_wconf 92' lang='lat' dir='ltr'>nomine</span> <span class='ocrx_word' id='word_1_55' title='bbox 1259 1490 1305 1574; x_wconf 89' lang='lat' dir='ltr'>qui</span> 
     </span>
     <span class='ocr_line' id='line_1_10' title="bbox 123 1593 1303 1684; baseline -0.004 -22"><span class='ocrx_word' id='word_1_56' title='bbox 123 1619 250 1684; x_wconf 90' lang='lat' dir='ltr'>pueros</span> <span class='ocrx_word' id='word_1_57' title='bbox 272 1594 465 1662; x_wconf 89' lang='lat' dir='ltr'>erudiebat.</span> <span class='ocrx_word' id='word_1_58' title='bbox 498 1595 600 1661; x_wconf 86' lang='lat' dir='ltr'>Dixit</span> <span class='ocrx_word' id='word_1_59' title='bbox 619 1596 649 1661; x_wconf 92' lang='lat' dir='ltr'>is</span> <span class='ocrx_word' id='word_1_60' title='bbox 670 1595 836 1681; x_wconf 90' lang='lat' dir='ltr'>Ioseph0:</span> <span class='ocrx_word' id='word_1_61' title='bbox 869 1593 1002 1679; x_wconf 81' lang='lat' dir='ltr'>Quare,</span> <span class='ocrx_word' id='word_1_62' title='bbox 1025 1616 1044 1660; x_wconf 94' lang='lat' dir='ltr'>o</span> <span class='ocrx_word' id='word_1_63' title='bbox 1065 1593 1232 1679; x_wconf 89' lang='lat' dir='ltr'>Iosephe,</span> <span class='ocrx_word' id='word_1_64' title='bbox 1251 1613 1303 1658; x_wconf 87' lang='lat' dir='ltr'>nos</span> 
     </span>
     <span class='ocr_line' id='line_1_11' title="bbox 125 1696 1302 1782; baseline -0.004 -15"><span class='ocrx_word' id='word_1_65' title='bbox 125 1701 270 1767; x_wconf 86' lang='lat' dir='ltr'>adducis</span> <span class='ocrx_word' id='word_1_66' title='bbox 287 1699 400 1766; x_wconf 91' lang='lat' dir='ltr'>adme</span> <span class='ocrx_word' id='word_1_67' title='bbox 417 1698 536 1765; x_wconf 91' lang='lat' dir='ltr'>Iesum</span> <span class='ocrx_word' id='word_1_68' title='bbox 553 1706 592 1765; x_wconf 91' lang='lat' dir='ltr'>ut</span> <span class='ocrx_word' id='word_1_69' title='bbox 606 1700 743 1766; x_wconf 88' lang='lat' dir='ltr'>litteras</span> <span class='ocrx_word' id='word_1_70' title='bbox 761 1697 898 1767; x_wconf 79' lang='lat' dir='ltr'>discat?</span> <span class='ocrx_word' id='word_1_71' title='bbox 920 1696 1061 1765; x_wconf 85' lang='lat' dir='ltr'>Annuit</span> <span class='ocrx_word' id='word_1_72' title='bbox 1075 1697 1131 1763; x_wconf 91' lang='lat' dir='ltr'>illi</span> <span class='ocrx_word' id='word_1_73' title='bbox 1143 1696 1302 1782; x_wconf 85' lang='lat' dir='ltr'>Iosephus,</span> 
     </span>
     <span class='ocr_line' id='line_1_12' title="bbox 126 1799 1301 1888; baseline -0.004 -19"><span class='ocrx_word' id='word_1_74' title='bbox 126 1808 161 1869; x_wconf 91' lang='lat' dir='ltr'>et</span> <span class='ocrx_word' id='word_1_75' title='bbox 180 1802 224 1868; x_wconf 91' lang='lat' dir='ltr'>ad</span> <span class='ocrx_word' id='word_1_76' title='bbox 240 1803 359 1869; x_wconf 89' lang='lat' dir='ltr'>heram</span> <span class='ocrx_word' id='word_1_77' title='bbox 373 1801 523 1867; x_wconf 89' lang='lat' dir='ltr'>Mariam</span> <span class='ocrx_word' id='word_1_78' title='bbox 539 1802 605 1869; x_wconf 82' lang='lat' dir='ltr'>hod</span> <span class='ocrx_word' id='word_1_79' title='bbox 621 1805 753 1870; x_wconf 88' lang='lat' dir='ltr'>retulit.</span> <span class='ocrx_word' id='word_1_80' title='bbox 785 1802 845 1870; x_wconf 86' lang='lat' dir='ltr'>Ad</span> <span class='ocrx_word' id='word_1_81' title='bbox 861 1803 1064 1888; x_wconf 84' lang='lat' dir='ltr'>magistrum</span> <span class='ocrx_word' id='word_1_82' title='bbox 1085 1803 1206 1885; x_wconf 85' lang='lat' dir='ltr'>itaque</span> <span class='ocrx_word' id='word_1_83' title='bbox 1225 1799 1301 1865; x_wconf 81' lang='lat' dir='ltr'>illum</span> 
     </span>
     <span class='ocr_line' id='line_1_13' title="bbox 125 1899 1300 1992; baseline -0.003 -22"><span class='ocrx_word' id='word_1_84' title='bbox 125 1906 360 1987; x_wconf 82' lang='lat' dir='ltr'>deduxerunt3</span> <span class='ocrx_word' id='word_1_85' title='bbox 382 1907 442 1990; x_wconf 91' lang='lat' dir='ltr'>qui</span> <span class='ocrx_word' id='word_1_86' title='bbox 464 1906 675 1991; x_wconf 87' lang='lat' dir='ltr'>simulatque</span> <span class='ocrx_word' id='word_1_87' title='bbox 699 1929 777 1974; x_wconf 93' lang='lat' dir='ltr'>eum</span> <span class='ocrx_word' id='word_1_88' title='bbox 799 1907 994 1992; x_wconf 82' lang='lat' dir='ltr'>conspexit,</span> <span class='ocrx_word' id='word_1_89' title='bbox 1014 1904 1236 1990; x_wconf 90' lang='lat' dir='ltr'>alphabetum</span> <span class='ocrx_word' id='word_1_90' title='bbox 1251 1899 1300 1985; x_wconf 86' lang='lat' dir='ltr'>ipsi</span> 
     </span>
     <span class='ocr_line' id='line_1_14' title="bbox 126 2006 1303 2096; baseline -0.007 -20"><span class='ocrx_word' id='word_1_91' title='bbox 126 2011 334 2094; x_wconf 90' lang='lat' dir='ltr'>conscripsit</span> <span class='ocrx_word' id='word_1_92' title='bbox 359 2016 394 2076; x_wconf 90' lang='lat' dir='ltr'>et</span> <span class='ocrx_word' id='word_1_93' title='bbox 419 2016 457 2076; x_wconf 91' lang='lat' dir='ltr'>ut</span> <span class='ocrx_word' id='word_1_94' title='bbox 476 2009 593 2096; x_wconf 88' lang='lat' dir='ltr'>Aleph</span> <span class='ocrx_word' id='word_1_95' title='bbox 614 2011 748 2076; x_wconf 91' lang='lat' dir='ltr'>diceret</span> <span class='ocrx_word' id='word_1_96' title='bbox 770 2011 958 2096; x_wconf 87' lang='lat' dir='ltr'>praecepit.</span> <span class='ocrx_word' id='word_1_97' title='bbox 1002 2007 1156 2073; x_wconf 82' lang='lat' dir='ltr'>Etcum</span> <span class='ocrx_word' id='word_1_98' title='bbox 1181 2006 1303 2072; x_wconf 84' lang='lat' dir='ltr'>dixisset</span> 
     </span>
     <span class='ocr_line' id='line_1_15' title="bbox 124 2107 1306 2198; baseline -0.008 -20"><span class='ocrx_word' id='word_1_99' title='bbox 124 2111 255 2197; x_wconf 85' lang='lat' dir='ltr'>Aleph,</span> <span class='ocrx_word' id='word_1_100' title='bbox 279 2114 446 2197; x_wconf 87' lang='lat' dir='ltr'>magister</span> <span class='ocrx_word' id='word_1_101' title='bbox 468 2135 546 2180; x_wconf 91' lang='lat' dir='ltr'>eum</span> <span class='ocrx_word' id='word_1_102' title='bbox 561 2113 654 2179; x_wconf 93' lang='lat' dir='ltr'>Beth</span> <span class='ocrx_word' id='word_1_103' title='bbox 673 2115 905 2198; x_wconf 86' lang='lat' dir='ltr'>pronunciare</span> <span class='ocrx_word' id='word_1_104' title='bbox 927 2112 1040 2176; x_wconf 88' lang='lat' dir='ltr'>iussit.</span> <span class='ocrx_word' id='word_1_105' title='bbox 1076 2107 1144 2177; x_wconf 81' lang='lat' dir='ltr'>Oui</span> <span class='ocrx_word' id='word_1_106' title='bbox 1166 2109 1306 2175; x_wconf 77' lang='lat' dir='ltr'>domium</span> 
     </span>
     <span class='ocr_line' id='line_1_16' title="bbox 125 2211 1313 2302; baseline -0.007 -22"><span class='ocrx_word' id='word_1_107' title='bbox 125 2215 242 2282; x_wconf 86' lang='lat' dir='ltr'>Iesus:</span> <span class='ocrx_word' id='word_1_108' title='bbox 273 2216 342 2281; x_wconf 88' lang='lat' dir='ltr'>Die</span> <span class='ocrx_word' id='word_1_109' title='bbox 358 2216 443 2282; x_wconf 92' lang='lat' dir='ltr'>mihi</span> <span class='ocrx_word' id='word_1_110' title='bbox 462 2218 559 2302; x_wconf 89' lang='lat' dir='ltr'>prius</span> <span class='ocrx_word' id='word_1_111' title='bbox 576 2217 868 2300; x_wconf 83' lang='lat' dir='ltr'>significationem</span> <span class='ocrx_word' id='word_1_112' title='bbox 889 2216 1028 2280; x_wconf 88' lang='lat' dir='ltr'>litterae</span> <span class='ocrx_word' id='word_1_113' title='bbox 1044 2211 1178 2299; x_wconf 89' lang='lat' dir='ltr'>Aleph,</span> <span class='ocrx_word' id='word_1_114' title='bbox 1200 2217 1233 2278; x_wconf 87' lang='lat' dir='ltr'>et</span> <span class='ocrx_word' id='word_1_115' title='bbox 1245 2215 1313 2274; x_wconf 86' lang='lat' dir='ltr'>tum</span> 
     </span>
     <span class='ocr_line' id='line_1_17' title="bbox 125 2316 1316 2404; baseline -0.005 -21"><span class='ocrx_word' id='word_1_116' title='bbox 125 2318 219 2384; x_wconf 92' lang='lat' dir='ltr'>Beth</span> <span class='ocrx_word' id='word_1_117' title='bbox 228 2318 477 2403; x_wconf 89' lang='lat' dir='ltr'>pronunciabo.</span> <span class='ocrx_word' id='word_1_118' title='bbox 503 2316 660 2404; x_wconf 83' lang='lat' dir='ltr'>Cumque</span> <span class='ocrx_word' id='word_1_119' title='bbox 671 2321 840 2404; x_wconf 85' lang='lat' dir='ltr'>magister</span> <span class='ocrx_word' id='word_1_120' title='bbox 848 2317 992 2384; x_wconf 84' lang='lat' dir='ltr'>verbera</span> <span class='ocrx_word' id='word_1_121' title='bbox 1007 2318 1039 2383; x_wconf 92' lang='lat' dir='ltr'>ei</span> <span class='ocrx_word' id='word_1_122' title='bbox 1053 2318 1247 2396; x_wconf 74' lang='lat' dir='ltr'>intentaret,</span> <span class='ocrx_word' id='word_1_123' title='bbox 1259 2332 1316 2377; x_wconf 78' lang='lat' dir='ltr'>ex·</span> 
     </span>
     <span class='ocr_line' id='line_1_18' title="bbox 126 2416 1316 2509; baseline -0.009 -20"><span class='ocrx_word' id='word_1_124' title='bbox 126 2423 244 2506; x_wconf 89' lang='lat' dir='ltr'>posuit</span> <span class='ocrx_word' id='word_1_125' title='bbox 264 2422 317 2487; x_wconf 94' lang='lat' dir='ltr'>illi</span> <span class='ocrx_word' id='word_1_126' title='bbox 337 2422 499 2488; x_wconf 90' lang='lat' dir='ltr'>dominus</span> <span class='ocrx_word' id='word_1_127' title='bbox 515 2423 617 2490; x_wconf 90' lang='lat' dir='ltr'>Iesus</span> <span class='ocrx_word' id='word_1_128' title='bbox 639 2422 915 2509; x_wconf 83' lang='lat' dir='ltr'>significationes</span> <span class='ocrx_word' id='word_1_129' title='bbox 936 2422 1136 2487; x_wconf 88' lang='lat' dir='ltr'>litterarum</span> <span class='ocrx_word' id='word_1_130' title='bbox 1155 2416 1258 2503; x_wconf 86' lang='lat' dir='ltr'>Aleph</span> <span class='ocrx_word' id='word_1_131' title='bbox 1273 2419 1316 2478; x_wconf 86' lang='lat' dir='ltr'>et</span> 
     </span>
     <span class='ocr_line' id='line_1_19' title="bbox 123 2524 1314 2610; baseline -0.007 -20"><span class='ocrx_word' id='word_1_132' title='bbox 123 2524 231 2606; x_wconf 88' lang='lat' dir='ltr'>Beth;</span> <span class='ocrx_word' id='word_1_133' title='bbox 256 2525 340 2591; x_wconf 91' lang='lat' dir='ltr'>item</span> <span class='ocrx_word' id='word_1_134' title='bbox 361 2545 532 2608; x_wconf 84' lang='lat' dir='ltr'>quaenam</span> <span class='ocrx_word' id='word_1_135' title='bbox 553 2526 750 2593; x_wconf 89' lang='lat' dir='ltr'>litterarum</span> <span class='ocrx_word' id='word_1_136' title='bbox 770 2525 902 2610; x_wconf 85' lang='lat' dir='ltr'>figurae</span> <span class='ocrx_word' id='word_1_137' title='bbox 927 2530 1046 2591; x_wconf 90' lang='lat' dir='ltr'>essent</span> <span class='ocrx_word' id='word_1_138' title='bbox 1066 2529 1198 2604; x_wconf 86' lang='lat' dir='ltr'>rectae,</span> <span class='ocrx_word' id='word_1_139' title='bbox 1220 2535 1314 2604; x_wconf 86' lang='lat' dir='ltr'>quse-</span> 
     </span>
     <span class='ocr_line' id='line_1_20' title="bbox 125 2618 1313 2714; baseline -0.011 -20"><span class='ocrx_word' id='word_1_140' title='bbox 125 2650 204 2695; x_wconf 87' lang='lat' dir='ltr'>nam</span> <span class='ocrx_word' id='word_1_141' title='bbox 220 2629 382 2711; x_wconf 88' lang='lat' dir='ltr'>intortae,</span> <span class='ocrx_word' id='word_1_142' title='bbox 403 2650 575 2712; x_wconf 82' lang='lat' dir='ltr'>quaenam</span> <span class='ocrx_word' id='word_1_143' title='bbox 591 2629 627 2694; x_wconf 92' lang='lat' dir='ltr'>in</span> <span class='ocrx_word' id='word_1_144' title='bbox 645 2630 772 2714; x_wconf 88' lang='lat' dir='ltr'>spiram</span> <span class='ocrx_word' id='word_1_145' title='bbox 789 2628 1059 2710; x_wconf 87' lang='lat' dir='ltr'>circumductae,</span> <span class='ocrx_word' id='word_1_146' title='bbox 1080 2647 1170 2711; x_wconf 90' lang='lat' dir='ltr'>quae</span> <span class='ocrx_word' id='word_1_147' title='bbox 1184 2618 1313 2711; x_wconf 87' lang='lat' dir='ltr'>punctis</span> 
     </span>
     <span class='ocr_line' id='line_1_21' title="bbox 123 2724 1314 2817; baseline -0.004 -19"><span class='ocrx_word' id='word_1_148' title='bbox 123 2733 331 2817; x_wconf 83' lang='lat' dir='ltr'>insignitae,</span> <span class='ocrx_word' id='word_1_149' title='bbox 364 2752 452 2815; x_wconf 91' lang='lat' dir='ltr'>quae</span> <span class='ocrx_word' id='word_1_150' title='bbox 479 2731 610 2799; x_wconf 91' lang='lat' dir='ltr'>eisdem</span> <span class='ocrx_word' id='word_1_151' title='bbox 635 2739 811 2813; x_wconf 87' lang='lat' dir='ltr'>carentes;</span> <span class='ocrx_word' id='word_1_152' title='bbox 842 2753 949 2816; x_wconf 88' lang='lat' dir='ltr'>quare</span> <span class='ocrx_word' id='word_1_153' title='bbox 979 2731 1050 2797; x_wconf 88' lang='lat' dir='ltr'>alia</span> <span class='ocrx_word' id='word_1_154' title='bbox 1074 2730 1194 2797; x_wconf 87' lang='lat' dir='ltr'>littera</span> <span class='ocrx_word' id='word_1_155' title='bbox 1217 2724 1314 2793; x_wconf 75' lang='lat' dir='ltr'>sliam</span> 
     </span>
     <span class='ocr_line' id='line_1_22' title="bbox 123 2828 1311 2922; baseline -0.008 -19"><span class='ocrx_word' id='word_1_156' title='bbox 123 2836 364 2922; x_wconf 75' lang='lat' dir='ltr'>praecederet,</span> <span class='ocrx_word' id='word_1_157' title='bbox 396 2834 535 2919; x_wconf 91' lang='lat' dir='ltr'>aliaque</span> <span class='ocrx_word' id='word_1_158' title='bbox 566 2836 716 2921; x_wconf 89' lang='lat' dir='ltr'>plurima</span> <span class='ocrx_word' id='word_1_159' title='bbox 746 2857 908 2902; x_wconf 89' lang='lat' dir='ltr'>enarrare</span> <span class='ocrx_word' id='word_1_160' title='bbox 935 2836 1051 2920; x_wconf 89' lang='lat' dir='ltr'>coepit</span> <span class='ocrx_word' id='word_1_161' title='bbox 1081 2841 1118 2900; x_wconf 90' lang='lat' dir='ltr'>et</span> <span class='ocrx_word' id='word_1_162' title='bbox 1147 2828 1311 2899; x_wconf 79' lang='lat' dir='ltr'>elucidare</span> 
     </span>
     <span class='ocr_line' id='line_1_23' title="bbox 126 2928 1311 3024; baseline -0.006 -19"><span class='ocrx_word' id='word_1_163' title='bbox 126 2960 215 3024; x_wconf 91' lang='lat' dir='ltr'>quae</span> <span class='ocrx_word' id='word_1_164' title='bbox 237 2940 405 3023; x_wconf 86' lang='lat' dir='ltr'>magister</span> <span class='ocrx_word' id='word_1_165' title='bbox 425 2940 499 3023; x_wconf 91' lang='lat' dir='ltr'>ipse</span> <span class='ocrx_word' id='word_1_166' title='bbox 522 2960 586 3005; x_wconf 91' lang='lat' dir='ltr'>nec</span> <span class='ocrx_word' id='word_1_167' title='bbox 607 2939 788 3005; x_wconf 90' lang='lat' dir='ltr'>audiverat</span> <span class='ocrx_word' id='word_1_168' title='bbox 809 2960 962 3023; x_wconf 88' lang='lat' dir='ltr'>unquam</span> <span class='ocrx_word' id='word_1_169' title='bbox 985 2960 1050 3004; x_wconf 90' lang='lat' dir='ltr'>nec</span> <span class='ocrx_word' id='word_1_170' title='bbox 1075 2939 1112 3003; x_wconf 92' lang='lat' dir='ltr'>in</span> <span class='ocrx_word' id='word_1_171' title='bbox 1137 2936 1223 3003; x_wconf 92' lang='lat' dir='ltr'>libro</span> <span class='ocrx_word' id='word_1_172' title='bbox 1243 2928 1311 2997; x_wconf 85' lang='lat' dir='ltr'>ullo</span> 
     </span>
     <span class='ocr_line' id='line_1_24' title="bbox 124 3035 1312 3128; baseline -0.007 -19"><span class='ocrx_word' id='word_1_173' title='bbox 124 3045 269 3128; x_wconf 86' lang='lat' dir='ltr'>legerat.</span> <span class='ocrx_word' id='word_1_174' title='bbox 314 3042 415 3109; x_wconf 92' lang='lat' dir='ltr'>Dixit</span> <span class='ocrx_word' id='word_1_175' title='bbox 438 3065 540 3128; x_wconf 90' lang='lat' dir='ltr'>porro</span> <span class='ocrx_word' id='word_1_176' title='bbox 565 3044 732 3128; x_wconf 82' lang='lat' dir='ltr'>magistro</span> <span class='ocrx_word' id='word_1_177' title='bbox 759 3043 920 3110; x_wconf 90' lang='lat' dir='ltr'>dominus</span> <span class='ocrx_word' id='word_1_178' title='bbox 944 3044 1062 3109; x_wconf 90' lang='lat' dir='ltr'>Iesus:</span> <span class='ocrx_word' id='word_1_179' title='bbox 1107 3038 1251 3108; x_wconf 86' lang='lat' dir='ltr'>Attende</span> <span class='ocrx_word' id='word_1_180' title='bbox 1269 3035 1312 3096; x_wconf 70' lang='lat' dir='ltr'>ut</span> 
     </span>
     <span class='ocr_line' id='line_1_25' title="bbox 126 3134 1308 3232; baseline 0.001 -21"><span class='ocrx_word' id='word_1_181' title='bbox 126 3148 240 3212; x_wconf 87' lang='lat' dir='ltr'>dicam</span> <span class='ocrx_word' id='word_1_182' title='bbox 256 3146 333 3212; x_wconf 89' lang='lat' dir='ltr'>tibi.</span> <span class='ocrx_word' id='word_1_183' title='bbox 358 3144 553 3232; x_wconf 81' lang='lat' dir='ltr'>Coepitque</span> <span class='ocrx_word' id='word_1_184' title='bbox 571 3148 663 3213; x_wconf 91' lang='lat' dir='ltr'>clare</span> <span class='ocrx_word' id='word_1_185' title='bbox 681 3153 716 3214; x_wconf 93' lang='lat' dir='ltr'>et</span> <span class='ocrx_word' id='word_1_186' title='bbox 732 3147 896 3214; x_wconf 89' lang='lat' dir='ltr'>distincte</span> <span class='ocrx_word' id='word_1_187' title='bbox 914 3147 1064 3213; x_wconf 89' lang='lat' dir='ltr'>recitare</span> <span class='ocrx_word' id='word_1_188' title='bbox 1079 3143 1205 3231; x_wconf 88' lang='lat' dir='ltr'>Aleph,</span> <span class='ocrx_word' id='word_1_189' title='bbox 1218 3134 1308 3211; x_wconf 74' lang='lat' dir='ltr'>aeth,</span> 
     </span>
     <span class='ocr_line' id='line_1_26' title="bbox 127 3243 1308 3335; baseline -0.002 -18"><span class='ocrx_word' id='word_1_190' title='bbox 127 3248 253 3332; x_wconf 82' lang='lat' dir='ltr'>Gimel,</span> <span class='ocrx_word' id='word_1_191' title='bbox 270 3248 411 3333; x_wconf 88' lang='lat' dir='ltr'>Daleth,</span> <span class='ocrx_word' id='word_1_192' title='bbox 429 3272 539 3335; x_wconf 94' lang='lat' dir='ltr'>usque</span> <span class='ocrx_word' id='word_1_193' title='bbox 556 3250 600 3316; x_wconf 88' lang='lat' dir='ltr'>ad</span> <span class='ocrx_word' id='word_1_194' title='bbox 616 3250 702 3316; x_wconf 78' lang='lat' dir='ltr'>Tau.</span> <span class='ocrx_word' id='word_1_195' title='bbox 735 3248 838 3334; x_wconf 82' lang='lat' dir='ltr'>Quod</span> <span class='ocrx_word' id='word_1_196' title='bbox 855 3253 1000 3316; x_wconf 90' lang='lat' dir='ltr'>miratus</span> <span class='ocrx_word' id='word_1_197' title='bbox 1017 3250 1191 3333; x_wconf 81' lang='lat' dir='ltr'>magister,</span> <span class='ocrx_word' id='word_1_198' title='bbox 1206 3243 1308 3314; x_wconf 76' lang='lat' dir='ltr'>Hunc&gt;</span> 
     </span>
     <span class='ocr_line' id='line_1_27' title="bbox 125 3352 1307 3437; baseline -0.014 -19"><span class='ocrx_word' id='word_1_199' title='bbox 125 3353 258 3437; x_wconf 91' lang='lat' dir='ltr'>inquit,</span> <span class='ocrx_word' id='word_1_200' title='bbox 279 3373 425 3436; x_wconf 90' lang='lat' dir='ltr'>puerum</span> <span class='ocrx_word' id='word_1_201' title='bbox 448 3358 528 3418; x_wconf 90' lang='lat' dir='ltr'>ante</span> <span class='ocrx_word' id='word_1_202' title='bbox 544 3352 727 3418; x_wconf 90' lang='lat' dir='ltr'>Noachum</span> <span class='ocrx_word' id='word_1_203' title='bbox 750 3358 870 3418; x_wconf 91' lang='lat' dir='ltr'>natum</span> <span class='ocrx_word' id='word_1_204' title='bbox 891 3374 967 3420; x_wconf 90' lang='lat' dir='ltr'>esse</span> <span class='ocrx_word' id='word_1_205' title='bbox 992 3354 1167 3433; x_wconf 81' lang='lat' dir='ltr'>existim03</span> <span class='ocrx_word' id='word_1_206' title='bbox 1187 3359 1307 3416; x_wconf 87' lang='lat' dir='ltr'>comer·</span> 
     </span>
     <span class='ocr_line' id='line_1_28' title="bbox 127 3455 1307 3541; baseline -0.011 -19"><span class='ocrx_word' id='word_1_207' title='bbox 127 3477 256 3541; x_wconf 89' lang='lat' dir='ltr'>susque</span> <span class='ocrx_word' id='word_1_208' title='bbox 273 3456 526 3540; x_wconf 92' lang='lat' dir='ltr'>adIosephum,</span> <span class='ocrx_word' id='word_1_209' title='bbox 542 3455 734 3522; x_wconf 85' lang='lat' dir='ltr'>Adduxisti</span> <span class='ocrx_word' id='word_1_210' title='bbox 745 3457 840 3540; x_wconf 92' lang='lat' dir='ltr'>mihi,</span> <span class='ocrx_word' id='word_1_211' title='bbox 858 3458 918 3539; x_wconf 91' lang='lat' dir='ltr'>ait,</span> <span class='ocrx_word' id='word_1_212' title='bbox 935 3457 1168 3523; x_wconf 90' lang='lat' dir='ltr'>erudiendum</span> <span class='ocrx_word' id='word_1_213' title='bbox 1179 3460 1307 3539; x_wconf 84' lang='lat' dir='ltr'>puerum</span> 
     </span>
     <span class='ocr_line' id='line_1_29' title="bbox 126 3547 1307 3644; baseline -0.014 -18"><span class='ocrx_word' id='word_1_214' title='bbox 126 3560 303 3644; x_wconf 84' lang='lat' dir='ltr'>magistris</span> <span class='ocrx_word' id='word_1_215' title='bbox 329 3559 490 3626; x_wconf 89' lang='lat' dir='ltr'>omnibus</span> <span class='ocrx_word' id='word_1_216' title='bbox 516 3560 716 3625; x_wconf 90' lang='lat' dir='ltr'>doctiorem.</span> <span class='ocrx_word' id='word_1_217' title='bbox 756 3559 874 3625; x_wconf 88' lang='lat' dir='ltr'>Herae</span> <span class='ocrx_word' id='word_1_218' title='bbox 901 3581 1040 3644; x_wconf 90' lang='lat' dir='ltr'>quoque</span> <span class='ocrx_word' id='word_1_219' title='bbox 1066 3559 1196 3627; x_wconf 87' lang='lat' dir='ltr'>Mariae</span> <span class='ocrx_word' id='word_1_220' title='bbox 1217 3547 1307 3617; x_wconf 84' lang='lat' dir='ltr'>dixit:</span> 
     </span>
     <span class='ocr_line' id='line_1_30' title="bbox 126 3662 932 3748; baseline 0 -21"><span class='ocrx_word' id='word_1_221' title='bbox 126 3662 220 3729; x_wconf 83' lang='lat' dir='ltr'>Filio</span> <span class='ocrx_word' id='word_1_222' title='bbox 237 3663 319 3727; x_wconf 88' lang='lat' dir='ltr'>huic</span> <span class='ocrx_word' id='word_1_223' title='bbox 335 3668 396 3728; x_wconf 91' lang='lat' dir='ltr'>tuo</span> <span class='ocrx_word' id='word_1_224' title='bbox 414 3662 511 3728; x_wconf 89' lang='lat' dir='ltr'>nulla</span> <span class='ocrx_word' id='word_1_225' title='bbox 525 3663 747 3729; x_wconf 86' lang='lat' dir='ltr'>institutione</span> <span class='ocrx_word' id='word_1_226' title='bbox 765 3683 851 3748; x_wconf 91' lang='lat' dir='ltr'>opus</span> <span class='ocrx_word' id='word_1_227' title='bbox 869 3668 932 3727; x_wconf 85' lang='lat' dir='ltr'>est.</span> 
     </span>
    </p>
   </div>
   <div class='ocr_carea' id='block_1_6' title="bbox 587 3884 868 3951">
    <p class='ocr_par' dir='ltr' id='par_1_6' title="bbox 587 3884 868 3951">
     <span class='ocr_line' id='line_1_31' title="bbox 587 3884 868 3951; baseline -0.004 0"><span class='ocrx_word' id='word_1_228' title='bbox 587 3884 708 3951; x_wconf 75' lang='lat' dir='ltr'>Oaros</span> <span class='ocrx_word' id='word_1_229' title='bbox 730 3884 868 3950; x_wconf 89' lang='lat' dir='ltr'>XLIX.</span> 
     </span>
    </p>
   </div>
   <div class='ocr_carea' id='block_1_7' title="bbox 129 4020 1328 4228">
    <p class='ocr_par' dir='ltr' id='par_1_7' title="bbox 129 4020 1328 4228">
     <span class='ocr_line' id='line_1_32' title="bbox 212 4020 1321 4125; baseline -0.013 -20"><span class='ocrx_word' id='word_1_230' title='bbox 212 4037 272 4105; x_wconf 82' lang='lat' dir='ltr'>Ad</span> <span class='ocrx_word' id='word_1_231' title='bbox 293 4040 400 4106; x_wconf 90' lang='lat' dir='ltr'>alium</span> <span class='ocrx_word' id='word_1_232' title='bbox 417 4040 544 4106; x_wconf 92' lang='lat' dir='ltr'>deinde</span> <span class='ocrx_word' id='word_1_233' title='bbox 564 4041 768 4125; x_wconf 83' lang='lat' dir='ltr'>magistrum</span> <span class='ocrx_word' id='word_1_234' title='bbox 786 4040 979 4106; x_wconf 90' lang='lat' dir='ltr'>doctiorem</span> <span class='ocrx_word' id='word_1_235' title='bbox 1000 4060 1080 4106; x_wconf 91' lang='lat' dir='ltr'>eum</span> <span class='ocrx_word' id='word_1_236' title='bbox 1096 4020 1321 4105; x_wconf 72' lang='lat' dir='ltr'>deduxerunt</span> 
     </span>
     <span class='ocr_line' id='line_1_33' title="bbox 129 4118 1328 4228; baseline -0.028 0"><span class='ocrx_word' id='word_1_237' title='bbox 129 4143 189 4227; x_wconf 72' lang='lat' dir='ltr'>‘lui</span> <span class='ocrx_word' id='word_1_238' title='bbox 212 4150 250 4209; x_wconf 87' lang='lat' dir='ltr'>ut</span> <span class='ocrx_word' id='word_1_239' title='bbox 272 4164 351 4209; x_wconf 91' lang='lat' dir='ltr'>eum</span> <span class='ocrx_word' id='word_1_240' title='bbox 372 4144 568 4226; x_wconf 90' lang='lat' dir='ltr'>conspexit,</span> <span class='ocrx_word' id='word_1_241' title='bbox 590 4142 660 4208; x_wconf 89' lang='lat' dir='ltr'>Dic</span> <span class='ocrx_word' id='word_1_242' title='bbox 681 4143 814 4228; x_wconf 90' lang='lat' dir='ltr'>Aleph,</span> <span class='ocrx_word' id='word_1_243' title='bbox 837 4144 963 4228; x_wconf 87' lang='lat' dir='ltr'>inquit.</span> <span class='ocrx_word' id='word_1_244' title='bbox 1004 4141 1160 4227; x_wconf 84' lang='lat' dir='ltr'>Cumque</span> <span class='ocrx_word' id='word_1_245' title='bbox 1180 4118 1328 4204; x_wconf 57' lang='lat' dir='ltr'>dixisset</span> 
     </span>
    </p>
   </div>
   <div class='ocr_carea' id='block_1_8' title="bbox 130 4297 1334 4559">
    <p class='ocr_par' dir='ltr' id='par_1_8' title="bbox 130 4297 1334 4559">
     <span class='ocr_line' id='line_1_34' title="bbox 197 4297 1334 4386; baseline -0.004 -17"><span class='ocrx_word' id='word_1_246' title='bbox 197 4321 320 4370; x_wconf 81' lang='lat' dir='ltr'>xnvur.</span> <span class='ocrx_word' id='word_1_247' title='bbox 340 4323 453 4369; x_wconf 61' lang='lat' dir='ltr'>aalma</span> <span class='ocrx_word' id='word_1_248' title='bbox 466 4345 497 4356; x_wconf 90' lang='lat'>--</span> <span class='ocrx_word' id='word_1_249' title='bbox 516 4322 651 4386; x_wconf 68' lang='lat' dir='ltr'>inspiras</span> <span class='ocrx_word' id='word_1_250' title='bbox 664 4321 864 4371; x_wconf 57' lang='lat' dir='ltr'>arsamosata:</span> <span class='ocrx_word' id='word_1_251' title='bbox 882 4322 921 4370; x_wconf 67' lang='lat' dir='ltr'>aa</span> <span class='ocrx_word' id='word_1_252' title='bbox 934 4320 973 4371; x_wconf 82' lang='lat' dir='ltr'>m.</span> <span class='ocrx_word' id='word_1_253' title='bbox 998 4320 1077 4385; x_wconf 79' lang='lat' dir='ltr'>spus</span> <span class='ocrx_word' id='word_1_254' title='bbox 1091 4319 1146 4370; x_wconf 75' lang='lat' dir='ltr'>sss.</span> <span class='ocrx_word' id='word_1_255' title='bbox 1159 4297 1334 4368; x_wconf 59' lang='lat' dir='ltr'>setalia*</span> 
     </span>
     <span class='ocr_line' id='line_1_35' title="bbox 130 4407 323 4472; baseline 0.005 -16"><span class='ocrx_word' id='word_1_256' title='bbox 130 4433 138 4444; x_wconf 94' lang='lat'>-</span> <span class='ocrx_word' id='word_1_257' title='bbox 152 4433 160 4444; x_wconf 90' lang='lat'><strong>·</strong></span> <span class='ocrx_word' id='word_1_258' title='bbox 173 4407 323 4472; x_wconf 75' lang='lat' dir='ltr'>duplicatos</span> 
     </span>
     <span class='ocr_line' id='line_1_36' title="bbox 197 4491 1151 4559; baseline -0.003 -16"><span class='ocrx_word' id='word_1_259' title='bbox 197 4509 273 4558; x_wconf 76' lang='lat' dir='ltr'>usqae</span> <span class='ocrx_word' id='word_1_260' title='bbox 286 4493 321 4541; x_wconf 81' lang='lat' dir='ltr'>ad</span> <span class='ocrx_word' id='word_1_261' title='bbox 335 4491 405 4541; x_wconf 73' lang='lat' dir='ltr'>Pas:</span> <span class='ocrx_word' id='word_1_262' title='bbox 417 4491 456 4541; x_wconf 82' lang='lat' dir='ltr'>its</span> <span class='ocrx_word' id='word_1_263' title='bbox 468 4492 510 4543; x_wconf 73' lang='lat' dir='ltr'>Ill.</span> <span class='ocrx_word' id='word_1_264' title='bbox 535 4493 613 4559; x_wconf 76' lang='lat' dir='ltr'>Apud</span> <span class='ocrx_word' id='word_1_265' title='bbox 626 4492 730 4544; x_wconf 83' lang='lat' dir='ltr'>Sikium</span> <span class='ocrx_word' id='word_1_266' title='bbox 743 4498 786 4544; x_wconf 85' lang='lat' dir='ltr'>est</span> <span class='ocrx_word' id='word_1_267' title='bbox 798 4509 875 4558; x_wconf 74' lang='lat' dir='ltr'>usqae</span> <span class='ocrx_word' id='word_1_268' title='bbox 887 4493 922 4544; x_wconf 82' lang='lat' dir='ltr'>ad</span> <span class='ocrx_word' id='word_1_269' title='bbox 927 4493 1008 4559; x_wconf 72' lang='lat' dir='ltr'>finem</span> <span class='ocrx_word' id='word_1_270' title='bbox 1020 4491 1151 4558; x_wconf 69' lang='lat' dir='ltr'>alphabeti</span> 
     </span>
    </p>
   </div>
   <div class='ocr_carea' id='block_1_9' title="bbox 0 0 1449 5062">
    <p class='ocr_par' dir='ltr' id='par_1_9' title="bbox 0 0 1449 5062">
     <span class='ocr_line' id='line_1_37' title="bbox 0 0 1449 5062; baseline 0 0"><span class='ocrx_word' id='word_1_271' title='bbox 0 0 1449 5062; x_wconf 95' lang='lat' dir='ltr'> </span> 
     </span>
    </p>
   </div>
  </div>
 </body>
</html>
