2880 5062
295 394 629 448 resono-umnam
647 395 887 448 nunnonmun.
915 396 988 448 cnr.
1007 382 1085 448 xxx.
1249 397 1290 460 97

115 543 183 609 dicit
195 566 312 610 verum
329 551 390 629 est,
410 553 445 612 et
460 545 665 630 frequenter
680 552 866 631 antequam
883 548 978 614 dicat
993 548 1213 632 adimpletur.
1243 549 1292 613 Et

115 654 319 714 accesserunt
330 654 497 734 parentes
513 650 614 732 pueri
631 650 759 716 mortui
781 649 824 715 ad
839 650 969 734 Ioseph
991 656 1026 717 et
1043 650 1207 716 dixerunt
1222 651 1290 715 illi:

115 748 194 816 I'olle
217 753 323 817 istum
347 752 465 818 Iesum
491 751 533 817 de
558 752 636 818 loco
665 753 748 833 isto;
778 775 848 819 non
875 756 967 819 enim
991 760 1109 838 potest
1132 754 1290 819 habitare

115 853 274 919 nobiscum
290 856 327 919 in
344 854 410 921 hoc
426 855 628 939 municipIo.
660 852 736 922 Aut
752 863 845 922 certe
864 856 948 922 doce
965 856 1065 921 illum
1080 856 1290 922 benedicere

115 959 143 1019 et
155 977 214 1022 non
229 957 451 1024 maledicere.
474 957 640 1024 Accessit
655 964 771 1024 autem
786 959 916 1043 Ioseph
933 959 975 1024 ad
992 959 1110 1025 Iesum
1127 964 1162 1024 et
1177 980 1293 1024 mone·

116 1056 162 1122 bat
183 1079 256 1124 eum
284 1059 421 1126 dicens:
461 1060 511 1127 Ut
536 1061 621 1144 quid
645 1062 732 1127 talia
756 1060 867 1127 facis?
906 1062 981 1128 Iam
1005 1063 1105 1128 multi
1132 1060 1292 1128 dolentes

116 1167 216 1228 contro
236 1169 271 1229 te
295 1170 392 1247 sunt,
419 1170 454 1230 et
475 1171 673 1249 propterte
696 1165 828 1231 habent
847 1186 910 1231 nos
933 1165 1029 1248 odio,
1059 1171 1095 1231 et
1114 1164 1293 1230 molestias

115 1260 271 1330 hominum
292 1264 671 1351 sustinemus'propter
690 1273 735 1333 te.
767 1267 999 1351 Respondens
1019 1269 1120 1334 Iesus
1142 1267 1230 1333 dixit
1249 1265 1294 1331 ad

118 1363 239 1451 loseph:
267 1368 398 1436 Nullus
414 1370 508 1436 filius
526 1371 665 1454 sapiens
683 1376 736 1436 est
751 1371 821 1435 nisi
838 1392 940 1454 quem
955 1376 1056 1455 pater
1073 1392 1156 1437 suns
1173 1390 1295 1435 secun·

117 1466 182 1534 dnm
200 1472 382 1538 scientiam
403 1474 507 1540 huius
528 1473 696 1558 temporis
718 1473 901 1555 erudierit,
927 1479 963 1539 et
986 1475 1095 1558 patris
1117 1474 1172 1538 sui
1191 1471 1295 1538 male·

117 1568 224 1638 dictum
244 1576 378 1640 nemini
399 1583 504 1643 nocet
526 1578 595 1642 nisi
615 1577 705 1643 male
728 1577 925 1661 agentibus.
971 1576 1070 1642 Tunc
1093 1575 1294 1661 congregati

75 1738 77 1745 ,
118 1680 184 1740 sunt
199 1678 362 1745 adversus
383 1679 501 1745 Iesum
523 1686 557 1746 et
579 1681 793 1747 accusabant
815 1679 958 1746 eumad
981 1680 1120 1763 loseph.
1160 1678 1210 1745 Ut
1229 1679 1295 1743 hoc

75 1842 77 1849 ,
118 1776 330 1866 dditloseph,
351 1785 561 1866 perterritus
581 1790 635 1848 est
646 1785 800 1866 nimium,
818 1783 1023 1848 timensvim
1040 1788 1075 1847 et
1086 1781 1294 1847 seditionem

119 1883 217 1963 populi
232 1883 356 1950 Israel.
391 1885 526 1951 Eadem
542 1887 628 1952 hora
650 1885 884 1970 apprehendit
899 1885 1000 1951 Iesus
1023 1884 1193 1949 infantem
1209 1904 1296 1949 mor·

119 1984 198 2049 tuum
211 1986 252 2052 ab
269 2008 353 2054 aure
372 1995 407 2055 et
423 1989 608 2073 suspendit
624 2011 702 2055 eum
719 1997 848 2056 eterra
869 1990 905 2054 in
923 1992 1113 2072 conspectu
1131 1986 1295 2066 omnium,

121 2088 148 2147 et
162 2088 313 2157 viderunt
332 2091 452 2157 Iesum
477 2092 679 2176 loquentem
705 2114 782 2158 cum
808 2114 848 2159 eo
876 2098 1043 2175 tanquam
1063 2096 1197 2173 patrem
1219 2110 1295 2153 cum

122 2181 178 2254 filio
196 2213 264 2260 sno.
300 2194 349 2261 Et
369 2217 528 2262 reversus
552 2203 606 2263 est
627 2198 772 2282 spiritus
794 2217 877 2262 suus
899 2197 936 2259 in
956 2196 1084 2278 ipsum,
1108 2199 1143 2258 et
1162 2193 1296 2257 revixit.

122 2284 158 2353 Εἰ
170 2297 274 2363 mirati
291 2304 374 2364 sunt
389 2299 553 2365 universi.

562 2520 683 2588 Onrur
706 2520 832 2586 XXX.

190 2670 377 2758 ¹Magister
391 2681 508 2740 autem
520 2676 659 2760 quidam
670 2676 824 2741 Iudaeus
841 2676 981 2742 nomine
993 2673 1149 2758 Zachyas
1166 2671 1300 2738 audivit

123 2765 189 2836 tolia
205 2774 321 2842 Iesum
342 2777 448 2844 verba
467 2780 683 2863 loquentem,
712 2786 747 2846 et
766 2779 889 2845 videns
913 2780 995 2862 quia
1017 2782 1093 2843 erat
1118 2778 1298 2859 insupera-

126 2861 187 2938 bilis
201 2880 347 2946 scientia
362 2883 501 2948 virtutis
518 2885 555 2948 in
573 2905 612 2949 eo
629 2884 744 2949 factus
762 2889 816 2948 est
826 2882 960 2963 dolens,
979 2886 1014 2946 et
1025 2880 1142 2963 coepit
1157 2877 1299 2942 indisci-

124 2967 228 3047 olinae
249 2990 284 3048 et
301 2984 408 3050 stulte
432 2992 467 3052 et
485 2987 560 3053 sine
577 2987 701 3052 timore
718 2986 816 3071 loqui
834 2989 957 3051 contra
972 2982 1111 3066 Ioseph.
1142 2982 1190 3046 Et
1207 2981 1299 3045 dice·

124 3094 308 3123 N—

124 3165 258 3231 ‘morione
275 3173 280 3242 Ι
294 3178 464 3227 occurebant:
478 3180 518 3228 ita
527 3180 555 3228 iu
569 3178 661 3230 codice
675 3195 721 3244 per
735 3178 921 3243 compendium
935 3178 1064 3241 scriptum
1078 3182 1127 3226 eet.
1153 3173 1297 3225 consentit

123 3246 244 3308 tedium„
258 3266 287 3312 et
299 3276 318 3311 1)
332 3264 475 3327 scriptura.
505 3263 620 3329 Propter
633 3281 664 3315 ee
677 3280 744 3329 qnae
758 3269 906 3326 sequnntur
923 3262 970 3325 (od
983 3261 1082 3325 Ioseph.
1122 3260 1155 3310 Ut
1169 3262 1216 3309 loo
1231 3261 1298 3308 vidit

123 3325 198 3401 Μ)
210 3349 338 3410 snspIoari
352 3349 439 3412 possis
453 3350 612 3399 adducebant
623 3347 627 3416 Ι
641 3367 715 3400 ocus.-
728 3350 811 3400 codex
824 3335 864 3398 eds
877 3348 905 3410 (i.
916 3362 938 3395 e.
952 3345 1082 3409 sanctus),
1096 3345 1180 3396 codex
1190 3359 1209 3394 n
1219 3345 1273 3394 eius

172 3424 213 3477 Per
221 3435 307 3482 totum
318 3438 400 3497 capnt
410 3446 429 3482 1>
440 3437 580 3485 consentit
589 3437 645 3486 fere
656 3452 715 3485 cnm
726 3450 757 3484 n:
777 3435 877 3485 Deinde
889 3434 970 3483 tenuit
979 3433 1071 3496 Ioseph
1080 3432 1171 3489 Iesum,
1185 3436 1210 3480 et
1222 3432 1295 3480 toar-

122 3509 235 3565 wem
244 3532 299 3566 cem
308 3518 346 3567 eis
357 3542 366 3554 ·
381 3534 486 3569 currens
495 3537 549 3569 eum
558 3537 586 3570 eo
596 3521 698 3586 impulit
706 3537 782 3585 super
791 3522 906 3570 temeror
916 3520 965 3567 Ier.
976 3518 1062 3567 volem
1071 3532 1124 3566 eum
1136 3517 1238 3566 eludere
1250 3520 1296 3564 out

122 3595 187 3644 *θῦνε
197 3602 218 3648 ei
228 3604 251 3652 ei
258 3608 354 3668 portet.
374 3605 412 3654 Et
420 3607 488 3655 dixit
499 3607 523 3655 ei
536 3632 544 3642 ·
561 3606 612 3668 Qui
623 3609 710 3656 etaim
723 3633 731 3643 ·
745 3612 789 3656 est.
809 3607 961 3656 Exclamas.
975 3609 1057 3652 aurem
1070 3629 1078 3639 ·
1084 3604 1294 3666 factumfuerct,

123 3667 158 3722 ³⁴⁰·
181 3683 241 3736 Unde
252 3693 306 3737 ont.
320 3695 358 3739 est
367 3707 433 3754 puer
445 3693 509 3741 iate?
522 3718 530 3728 ·
544 3694 605 3757 quia
617 3710 686 3742 omne
700 3719 708 3729 ·
722 3695 760 3742 Et
772 3696 931 3742 accesserunt
943 3692 977 3739 ad
990 3691 1041 3739 Ios.
1056 3694 1081 3738 et
1092 3689 1145 3737 dic.
1158 3689 1197 3737 ei:
1224 3687 1295 3737 Tolle

123 3761 265 3822 mierum.
288 3774 345 3824 Non
358 3777 422 3824 enim
430 3780 569 3840 poteritis
581 3804 590 3813 -
603 3779 629 3826 in
641 3779 784 3842 municipio.
807 3781 861 3827 Aut
873 3781 900 3825 tu
909 3778 971 3825 doce
982 3791 1036 3824 eum
1049 3801 1057 3811 ·
1071 3775 1200 3823 Accedent
1211 3778 1295 3822 cutem

125 3837 201 3902 10Μᾶ
213 3874 317 3921 puerum
334 3863 450 3911 monebat
462 3866 551 3928 ·soeis
570 3865 653 3914 talia?
677 3864 743 3913 Nom
759 3865 832 3913 multi
845 3890 853 3899 ·
866 3864 1022 3911 metuemus.
1048 3861 1189 3924 Beopondii
1201 3861 1250 3909 Ios.
1270 3863 1295 3907 et

125 3923 190 3983 Q·
201 3946 295 4007 capim
305 3948 356 3996 orei
368 3964 438 4012 quem
447 3955 526 4013 pater
537 3967 596 3999 suus
607 3952 763 4016 rapiendam
774 3952 847 3998 tuias
856 3950 941 3997 mundi
950 3947 1073 4004 demerit,
1086 3951 1111 3994 et
1119 3947 1208 4010 patrie
1218 3946 1293 3994 male·

126 4007 196 4070 ΜΒ
210 4051 217 4061 ·
233 4033 384 4083 mensalem
401 4051 456 4084 eum
474 4037 508 4085 ad
526 4036 576 4085 Ios.
609 4037 682 4100 Quod
700 4038 786 4085 uidens
803 4038 854 4085 Ios.
873 4061 881 4072 ·
901 4037 989 4083 timens
1001 4033 1095 4097 populi
1111 4034 1150 4081 rui
1167 4033 1293 4082 revidere.

75 4122 78 4159 ἰ
150 4103 203 4155 “⁴0⁸
217 4128 271 4177 erpo
281 4118 346 4167 hora
358 4120 407 4169 Ies.
426 4119 533 4186 appreh.
545 4128 619 4172 mort.
629 4140 735 4188 puerum
749 4150 757 4158 ·
771 4139 854 4172 omnes
866 4122 949 4169 lerum
962 4147 969 4156 ·
984 4125 1103 4183 tanquam
1116 4118 1250 4184 cuunfllio,
1269 4121 1294 4166 et

75 4198 78 4209 '
132 4184 371 4254 moleretur
383 4208 410 4254 in
422 4207 511 4271 ipsum.
536 4210 575 4257 Et
586 4210 710 4258 admirati
721 4227 740 4258 s.
755 4210 821 4256 unio.
1230 4206 1232 4210 ⁵

184 4265 247 4325 ffl-
268 4278 339 4330 Βᾶθι
359 4292 474 4342 historio
496 4294 524 4343 in
543 4293 635 4343 codiee
657 4306 673 4340 n
692 4294 814 4356 sequitur
837 4292 961 4341 obsolute
984 4305 1014 4339 co
1033 4304 1100 4352 qnae
1122 4304 1181 4337 cnm
1203 4289 1291 4351 eapite

133 4352 202 4399 nostro
211 4355 346 4416 XXXVIII.
360 4379 496 4424 convenit.

183 4437 200 4483 ¹·
215 4442 333 4516 locique:
351 4455 390 4505 ite
403 4466 561 4512 constanter
578 4464 706 4528 scriptum
726 4468 768 4513 est
786 4464 815 4513 in
830 4463 922 4513 codice
936 4477 968 4522 n,
988 4463 1017 4511 in
1030 4473 1048 4510 Ι)
1061 4460 1161 4525 legitur
1174 4459 1291 4509 Zoclios.

130 4503 153 4557 ¹¹¹
163 4518 205 4632 2⁰³·
215 4537 234 4574 Β
246 4541 283 4584 est
295 4538 448 4591 laetantem
460 4551 488 4594 et
500 4546 625 4607 Zoclenr,
644 4549 781 4598 Zachaeus.
811 4548 884 4608 Quae
897 4549 1031 4612 posterior
1044 4544 1160 4596 eiusdem
1175 4545 1292 4594 nomInie

179 4607 236 4655 'me
246 4622 316 4662 aroer
326 4623 362 4662 eo.
373 4624 531 4670 riscoeuoorr.
551 4631 591 4671 no.
607 4631 633 4672 η.
1059 4631 1075 4681 7
