2880 5062
120 340 184 402 474
513 331 683 384 vlunlcun
702 329 929 385 SALVATORIS.

122 491 195 556 dico
223 489 323 554 robis.
366 484 447 554 Vidi
477 505 538 569 ego
567 482 671 549 oculis
695 483 777 548 meis
800 486 834 545 et
855 485 928 546 tota
951 477 1069 543 domus
1090 472 1212 541 Israel.
1255 471 1314 536 flat

122 593 206 658 dixit
228 591 324 657 Titus
351 591 385 654 in
413 587 521 654 verbis
549 587 618 652 suis
639 584 713 654 Vae
739 584 815 667 tibi,
843 583 958 667 Tiberi
980 583 1185 664 imperator,
1212 576 1313 660 plenus

122 694 287 763 ulceribus
316 697 349 758 et
377 714 397 757 a
423 692 517 774 lepra
546 687 783 771 circumdatae,
814 688 894 771 quia
920 685 989 752 tale
1017 681 1217 749 scandalum
1243 702 1313 746 eom

122 800 256 864 missum
285 802 335 861 est
362 797 397 860 in
425 815 527 878 regno
556 799 633 875 tuo;
665 790 754 876 quod
781 790 865 856 tales
886 789 977 874 leges
999 790 1035 853 in
1056 786 1192 852 Iudaea
1213 785 1313 866 fecisti,

121 905 156 968 in
179 909 271 968 terra
293 901 482 967 nativitatis
505 898 628 964 domini
657 897 764 962 nostri
785 895 865 961 Iesu
889 895 1028 977 Christi,
1056 894 1117 977 qui
1144 890 1313 975 apprehen·

123 1005 243 1070 derunt
269 1024 381 1086 regem
411 1008 444 1067 et
466 1001 722 1086 gubernatorem
744 999 942 1084 populorum
966 997 1180 1079 occiderunt,
1208 1001 1242 1060 et
1260 1015 1312 1058 non

122 1109 272 1173 fecerunt
295 1127 369 1171 eum
388 1105 500 1171 venire
523 1104 566 1169 ad
588 1126 648 1170 nos
670 1109 708 1168 ut
731 1109 764 1168 te
788 1108 922 1168 curaret
944 1122 964 1167 a
984 1101 1081 1185 lepra
1104 1106 1139 1164 et
1161 1120 1217 1164 me
1237 1119 1312 1162 mun·

123 1212 218 1278 daret
240 1212 282 1277 ab
304 1209 497 1274 infirmitate
520 1230 612 1274 mea:
634 1214 774 1292 propter
789 1207 878 1292 quod
901 1207 929 1271 si
951 1206 1095 1271 fuissent
1113 1209 1196 1270 ante
1211 1203 1312 1268 facien

123 1337 245 1397 meam,
277 1336 351 1379 cum
382 1312 464 1377 meis
495 1309 647 1376 manibus
676 1308 859 1375 occiderem
888 1330 1002 1374 eorum
1024 1306 1232 1401 Iudaeorum
1255 1326 1313 1370 cor·

122 1440 205 1503 pora
228 1423 261 1484 et
283 1419 317 1483 in
340 1417 466 1500 lignum
489 1413 626 1481 crudum
649 1413 896 1498 suspenderem,
924 1413 1005 1496 quia
1028 1410 1248 1495 perdiderunt
1266 1408 1312 1472 do·

123 1522 248 1586 minum
276 1541 400 1601 meum,
428 1525 461 1584 et
488 1540 554 1584 non
582 1517 718 1583 fuerunt
746 1518 836 1601 digni
865 1518 954 1583 oculi
980 1517 1045 1581 mei
1069 1515 1184 1581 videre
1212 1515 1313 1579 facien

124 1644 225 1688 snam.
271 1623 350 1686 ⁹Et
379 1642 452 1688 cum
480 1620 542 1686 hoc
570 1620 724 1704 dixisset,
752 1621 877 1693 statim¹
894 1619 1013 1684 cecidit
1034 1617 1157 1683 vulnus
1181 1617 1220 1682 de
1240 1616 1312 1680 facie

124 1728 195 1792 eins
226 1725 310 1807 Titi,
343 1733 376 1791 et
406 1726 564 1790 restituta
595 1730 646 1791 est
678 1725 815 1792 sanitati
846 1745 923 1788 caro
956 1728 989 1789 et
1019 1721 1125 1788 facies
1158 1721 1238 1787 eins.
1276 1721 1312 1784 Et

124 1851 238 1895 omnes
260 1827 383 1893 infirmi
408 1828 465 1911 qni
492 1827 614 1899 ibidem
643 1833 738 1893 erant
765 1827 847 1892 salvi
874 1827 954 1890 sacti
982 1830 1061 1890 sunt
1089 1825 1123 1890 in
1152 1824 1210 1890 illa
1234 1823 1312 1889 horn.

123 1930 333 1995 Exclamavit
355 1935 467 1994 autem
490 1927 587 1993 Titus
615 1928 712 1993 simul
740 1949 815 1992 cum
842 1927 993 1993 omnibus
1020 1948 1103 1993 voce
1133 1947 1253 2010 magna
1276 1923 1312 1987 di·

125 2050 202 2094 cens
221 2028 296 2096 Rex
319 2049 412 2093 meus
438 2034 471 2092 et
493 2027 573 2092 dens
593 2048 695 2108 meus,
719 2027 798 2110 quia
819 2047 988 2109 nunquam
1009 2032 1042 2092 te
1063 2026 1134 2091 vidi
1156 2031 1191 2092 et
1211 2045 1312 2090 sanun

125 2271 225 2335 differt)
245 2271 417 2320 accedentem
434 2270 462 2318 irs
480 2270 584 2320 coelum.
620 2271 734 2336 Reliqua
759 2272 797 2321 Et
819 2273 856 2321 sic
877 2273 974 2321 veritas
990 2271 1089 2320 -rotis
1113 2287 1146 2321 ex
1167 2270 1224 2320 Ven
1246 2275 1312 2327 sunu

125 2360 194 2408 Amb
219 2359 256 2408 Et
279 2359 317 2407 sic
338 2361 376 2406 est
398 2358 480 2407 omnis
500 2360 597 2408 veritas
618 2373 693 2422 quase
709 2359 768 2408 dico
790 2360 844 2408 tibi.
880 2359 956 2409 ASsx
977 2360 1017 2409 its
1035 2359 1141 2423 pergit:
1168 2359 1218 2408 Sed
1236 2358 1314 2407 ledaei

124 2447 200 2493 erent
216 2443 309 2506 repleti
326 2443 427 2492 invidia
446 2447 472 2492 et
489 2445 709 2508 apprehendemus
727 2461 790 2504 eum,
808 2449 834 2495 et
844 2447 956 2495 seniores
967 2449 992 2495 ei
1005 2445 1145 2511 pontefices
1155 2443 1314 2510 flagellasset

74 2556 77 2567 ·
124 2546 186 2587 eam,
208 2534 233 2578 et
250 2532 406 2593 rogaverunt
424 2529 538 2578 Pilatum
555 2534 584 2579 st
598 2537 702 2595 possent
719 2547 773 2581 erm
791 2533 930 2595 rependere
947 2533 974 2580 iu
992 2531 1076 2596 licaeo
1089 2531 1225 2594 patibula·
1248 2534 1270 2578 et
1278 2530 1313 2593 fr

125 2621 213 2666 cerm
234 2618 288 2674 ita,
313 2619 337 2664 et
359 2615 483 2664 dederunt
506 2617 530 2666 ei
553 2617 635 2666 bibere
657 2619 742 2667 risum
766 2635 819 2667 mm
840 2623 911 2668 aceto
928 2620 1042 2667 mistum.
1080 2617 1120 2667 Et
1139 2619 1193 2680 ipse
1211 2619 1237 2665 is
1253 2631 1314 2664 orsos

123 2703 238 2752 reddidit
256 2702 382 2767 spiritam.
402 2704 427 2749 st
440 2702 549 2763 posthac
560 2702 689 2751 deseendit
706 2705 741 2752 ad
759 2704 885 2769 insererem
902 2705 985 2768 itique
1001 2705 1120 2752 visitavit
1131 2719 1216 2753 omnes
1226 2705 1313 2751 sssrtos

123 2794 148 2838 et
167 2789 286 2838 liberavit
304 2789 438 2837 temanum
453 2803 541 2852 ossus.
579 2791 664 2854 Atqu
682 2792 773 2852 Ioseph
791 2792 861 2839 dines
878 2791 979 2855 sepeliit
996 2793 1051 2838 eius
1068 2805 1177 2854 eorpus,
1195 2793 1220 2838 et
1237 2786 1314 2839 ledaei

122 2878 261 2938 posuerunt
278 2874 394 2924 custodes
411 2877 439 2922 set
457 2874 613 2924 custodirent
631 2891 708 2938 super
725 2891 788 2933 essm,
811 2893 843 2925 ne
859 2875 983 2939 discipuli
1000 2877 1054 2924 eires
1071 2877 1189 2924 cesis-esst
1206 2892 1237 2923 ae
1252 2888 1312 2935 repe

123 2967 181 3010 reat
198 2976 297 3022 corpas.
329 2962 381 3011 Sed
397 2961 455 3010 dico
472 2962 500 3010 iss
517 2963 634 3020 veritate,
653 2962 738 3011 eodem
756 2979 863 3026 corpore
881 2978 928 3027 quo
946 2961 1061 3024 sepultus
1079 2967 1139 3012 erat
1157 2963 1255 3010 tides:
1270 2974 1312 3008 ess

122 3049 307 3107 resurrexisse,
327 3049 386 3096 item
403 3051 456 3097 seio
474 3050 501 3096 in
520 3049 629 3099 veritate
647 3066 701 3099 sum
719 3066 771 3099 esse
789 3066 873 3099 rm
887 3050 967 3098 deum.
985 3047 989 3110 1
1010 3047 1073 3098 Vidi
1083 3064 1130 3111 syo
1145 3064 1230 3112 usqne
1241 3043 1313 3096 Israel

123 3148 155 3181 cx
174 3134 246 3193 Ven;
271 3137 366 3182 contra
384 3134 465 3182 Amb:
494 3134 609 3185 Credidit
632 3139 715 3184 autem
735 3136 808 3185 litus
829 3140 855 3184 et
871 3136 958 3184 domu
979 3137 1034 3183 eius
1052 3138 1123 3190 totc,·
1150 3134 1311 3194 similiterque

122 3218 198 3267 ASsx
219 3218 300 3284 lyras
317 3218 417 3268 audivit
435 3220 520 3268 omnia
536 3221 599 3269 iaec
617 3219 793 3279 libentissime,
816 3225 841 3271 et
858 3221 954 3270 levarit
971 3223 1049 3283 capet
1065 3236 1139 3269 sauss
1157 3223 1182 3269 st
1195 3219 1312 3283 professu

122 3307 160 3352 est
178 3291 319 3362 Christum,
330 3304 384 3366 ipse
401 3312 426 3354 et
443 3311 498 3355 tota
515 3305 569 3355 eius
586 3306 682 3355 domus.

207 3391 233 3438 8.
259 3391 298 3438 Et
315 3390 382 3440 dieii
404 3391 476 3441 Titus
494 3400 552 3440 etc:
573 3394 600 3440 et
618 3392 685 3441 Amb
705 3391 821 3441 etASex
839 3407 881 3441 om
896 3392 977 3441 litus.
995 3394 1000 3450 Ι
1020 3390 1074 3440 Vae
1085 3392 1135 3440 tibi
1150 3386 1310 3451 literiblmb

122 3475 176 3536 om)
195 3500 206 3511 ·
225 3476 290 3539 quod
314 3476 381 3525 tates
403 3477 471 3540 leges
494 3493 577 3541 neque
602 3479 645 3542 qai
667 3478 888 3540 apprehenderunt
910 3477 960 3538 (ita
979 3477 1061 3536 Amb3
1087 3476 1147 3527 Ven
1166 3477 1231 3540 qaod
1247 3473 1311 3523 lale·

123 3576 206 3623 reyem
225 3561 294 3609 iudei
308 3560 383 3624 pleni
399 3562 499 3612 invidia
517 3563 671 3613 occidemur.
694 3565 740 3612 lece
753 3563 847 3611 malum
857 3563 981 3627 secerneret
998 3564 1025 3611 iss
1043 3567 1118 3632 terra
1135 3563 1179 3611 sbi
1195 3566 1268 3611 ustas
1281 3563 1310 3606 sd

120 3645 238 3715 ,dminus
260 3646 328 3694 iesus
349 3648 466 3697 cbristus.
498 3651 541 3712 qni
558 3647 789 3711 apprehenderunt)
808 3674 818 3684 -
833 3650 934 3713 jae-iem
951 3664 1032 3698 asam.
1071 3648 1147 3698 Haec
1165 3648 1249 3696 multo
1264 3645 1310 3693 bre·

123 3731 182 3778 uiue
205 3731 232 3779 in
251 3731 327 3781 ASax
350 3733 486 3797 leguntur.
522 3733 565 3782 lbi
583 3737 626 3783 eet
645 3736 715 3784 enim
734 3735 790 3783 tere
809 3734 847 3783 eie
867 3735 1008 3797 scriptum:
1035 3734 1087 3793 Oh,
1112 3735 1136 3783 si
1157 3750 1202 3796 syo
1215 3733 1310 3798 frises·

122 3816 158 3865 iti
182 3820 207 3864 st
229 3819 347 3868 vidissem
365 3821 465 3884 faeiem
487 3822 541 3869 eius
563 3825 588 3869 ei
611 3836 707 3869 nossem
729 3837 796 3878 eum,
821 3837 866 3884 eqo
888 3821 958 3869 uitus
974 3836 1052 3870 essem
1069 3836 1125 3869 esus
1143 3822 1266 3868 πηνίκα
1281 3812 1309 3861 tl·

121 3904 190 3950 tione
208 3906 233 3950 et
250 3903 396 3954 deiecissem
414 3921 498 3955 omnes
515 3906 630 3955 inimicos
647 3908 714 3964 eius,
733 3910 875 3970 propterea
893 3907 958 3970 quod
976 3907 1015 3955 ita
1033 3909 1186 3956 &merset
1202 3903 1311 3953 mas·

120 3990 243 4036 nostrum.

206 4074 231 4121 9.
255 4073 293 4121 Et
312 4090 366 4122 eum
384 4077 430 4125 boc
448 4078 555 4126 desisset
573 4103 582 4112 ·
594 4076 683 4140 facies
700 4079 769 4127 sius:
788 4079 913 4128 similiter
930 4077 1007 4128 ASex
1023 4077 1027 4140 Ι
1043 4079 1083 4128 Et
1100 4095 1186 4129 omnes
1204 4076 1312 4143 isfirfls'·

119 4158 218 4206 dicens:
237 4157 313 4207 nSax
333 4161 464 4222 prioribus
484 4163 590 4212 omissis
609 4164 663 4213 sic:
682 4168 708 4213 et
722 4164 876 4214 exsternavit
888 4164 963 4214 clara
974 4180 1033 4214 sors
1045 4169 1071 4213 et
1082 4165 1152 4215 dixit
1167 4165 1171 4227 Ι
1187 4165 1242 4214 Rex
1253 4161 1311 4223 (Ver

121 4259 210 4306 praem
229 4245 309 4301 ludm-
329 4245 392 4294 item
406 4248 492 4297 Amb?
516 4248 568 4297 Pro
588 4264 618 4297 eo
638 4248 712 4299 ASax
731 4251 808 4299 iudea
826 4251 963 4300 invenisse
982 4249 1102 4313 videtur)
1122 4276 1132 4286 ·
1151 4267 1232 4300 mess.-
1248 4247 1312 4298 ASsx

124 4329 170 4386 os,
188 4332 230 4378 tic
247 4334 285 4380 est
301 4347 375 4380 verus
390 4333 500 4382 inderet
516 4338 607 4396 potens
618 4351 665 4384 rex
676 4340 702 4385 et
713 4340 798 4384 rectus
809 4336 871 4385 deus
885 4337 890 4399 Ι
906 4335 966 4399 quia
979 4335 1038 4397 (scd
1051 4336 1119 4385 Amb
1134 4336 1189 4401 qui)
1201 4350 1314 4401 κηποι

119 4438 128 4447 -
148 4430 183 4462 me
200 4416 286 4470 fecisti
306 4432 337 4466 ex
350 4416 432 4478 Amb3
452 4418 508 4467 Ven
529 4421 589 4482 quia
607 4425 632 4470 te
649 4438 771 4486 nusquam
789 4424 896 4472 vidimus
914 4422 1039 4471 credimus
1058 4423 1163 4486 (potius
1182 4439 1228 4473 sec
1244 4421 1314 4472 credi·
