2896 5062
128 371 191 435 388
565 371 676 423 eusrr
693 373 821 425 rrnsur.
844 373 915 424 xvi.

127 522 402 589 resurrectionem
431 522 607 590 multorum
634 525 669 588 in
692 523 812 604 Israel,
844 524 938 589 etin
968 525 1097 608 signum
1129 525 1187 590 cui
1211 532 1337 592 contro·

129 626 265 691 dicetur.

214 728 307 793 Tunc
334 727 520 793 didascalus
542 726 649 792 Didas
679 727 763 793 dixit
794 728 836 793 ad
867 749 997 793 ornnem
1028 728 1333 812 congregationem:

128 828 164 895 Si
188 829 298 894 omnia
320 849 404 912 quae
433 827 490 892 isti
517 827 703 893 testificati·
717 837 794 893 sunt
822 829 856 893 in
879 828 958 894 Iesu
987 829 1076 895 lacta
1103 836 1200 910 sunt,
1229 852 1251 897 a
1278 830 1331 896 deo

127 922 224 1012 sunt,'
250 938 284 996 et
311 952 352 996 ne
379 930 439 995 liat
464 930 614 996 mirabile
642 931 676 995 in
705 931 814 1014 oculis,
837 932 972 996 nostris.
1015 932 1188 997 Dixerunt
1217 933 1262 998 ad
1287 934 1329 997 in·

126 1037 229 1101 vicem
260 1034 426 1126 principes
459 1054 643 1118 synagogae
672 1041 705 1099 et
734 1035 919 1100 sacerdotes
947 1042 982 1101 et
1008 1034 1149 1101 Levitae
1177 1037 1328 1119 quoniam

124 1139 177 1204 lex
199 1145 313 1203 nostra
335 1138 483 1202 continet
505 1136 631 1202 dicens:
655 1138 732 1202 Erit
753 1159 873 1203 nomen
896 1139 967 1204 eius
990 1138 1208 1217 benedictum,
1228 1141 1262 1204 in
1284 1161 1327 1205 se·

125 1240 215 1306 cula:
248 1246 324 1304 ante
357 1239 458 1304 solem
490 1245 660 1321 permanet
690 1239 782 1306 locu's
814 1240 884 1304 eius
917 1245 951 1305 et
982 1246 1059 1306 ante
1089 1239 1207 1305 lunam
1240 1241 1326 1305 sedes

27 1417 31 1425 ,
125 1345 212 1410 eius:
247 1350 280 1408 ct
311 1343 547 1407 benedicentur
577 1343 612 1407 in
645 1364 682 1408 eo
714 1363 826 1408 omnes
858 1343 967 1408 tribus
998 1350 1122 1424 terrae,
1155 1351 1192 1409 et
1221 1365 1326 1410 omnes

125 1454 240 1531 gentes
272 1446 416 1510 servient
447 1446 494 1510 ei:
526 1453 559 1511 et
590 1467 685 1529 reges
714 1446 754 1511 de
785 1447 966 1531 longinquo
981 1448 1121 1512 ‘venient
1154 1447 1325 1514 adorantes

125 1555 159 1611 et
181 1546 431 1629 magnificantes
454 1566 537 1612 eum.

124 1773 243 1840 eruum),
267 1775 294 1823 in
313 1774 382 1838 liquo
400 1771 473 1834 (ch
491 1772 546 1834 om)
565 1776 679 1823 mortuus
696 1778 721 1823 et
737 1774 852 1836 eepultuo
868 1777 920 1832 ert,
938 1778 964 1824 et
982 1789 1074 1839 corpu
1091 1776 1146 1825 eius
1159 1780 1243 1840 pater
1260 1792 1321 1825 vene·

123 1861 216 1910 ruditis
232 1861 324 1923 Ioseph
344 1859 460 1923 sepelivit
481 1858 524 1920 (n⁰
536 1875 589 1924 rep.
603 1864 641 1909 eet
662 1876 679 1908 a
698 1863 803 1923 loeeplo
821 1861 962 1911 commoliti
976 1861 1065 1925 patre)
1084 1862 1111 1910 in
1129 1862 1250 1926 cepuloro
1266 1877 1319 1913 noro

123 1946 198 2010 (edpr
215 1963 257 1997 om
275 1952 326 2005 ert,
349 1951 375 1996 et
392 1961 476 2010 usque
494 1949 584 2008 nouo),
608 1951 634 1996 et
651 1932 803 2014 testificatus
819 1951 858 1998 eet
876 1945 920 2010 (1)ο
938 1947 991 1998 odd
1009 1947 1102 1998 nobilio
1120 1951 1224 2012 templ.
1262 1948 1320 1999 litil’t

123 2033 148 2080 et
165 2031 283 2081 uouerat.
297 2035 349 2081 lor.
368 2029 489 2092 lectatur)
507 2046 561 2079 eum
578 2031 671 2080 citicae
689 2032 770 2081 uiuum
789 2030 832 2094 (n⁰
845 2031 898 2081 odd
912 2036 974 2097 poet
991 2031 1115 2095 mortem).
1151 2034 1192 2082 Et
1210 2032 1319 2083 tresviri

122 2117 165 2166 illi
183 2118 316 2184 teettjtcutr'
333 2119 391 2166 runt
408 2117 501 2166 vidium
519 2132 573 2165 eum
591 2116 772 2181 colloquentem
786 2106 831 2179 (Db
843 2117 897 2182 om)
910 2134 965 2167 cum
981 2118 1118 2182 discipulis
1135 2121 1192 2170 elue
1209 2121 1237 2169 in
1247 2124 1318 2170 monte

122 2203 210 2254 oliveti
228 2207 253 2252 et
271 2191 317 2265 (nb
330 2201 384 2266 om)
403 2203 575 2252 aroemdmmm
592 2203 619 2251 in
638 2202 734 2252 coelum
752 2200 826 2264 (odpl
843 2203 963 2253 breviter
981 2204 1020 2253 Et
1038 2208 1073 2253 tr.
1092 2205 1145 2254 oiri
1162 2207 1253 2255 tentati
1268 2207 1317 2255 mut

121 2304 148 2336 aa
165 2287 217 2337 oid.
231 2302 284 2336 eum
303 2284 498 2348 accendentem).
515 2283 520 2349 Ι
535 2287 574 2335 Et
591 2285 655 2335 Levi
671 2287 746 2336 rolli
763 2313 773 2323 -
792 2287 907 2337 Simeome
925 2289 1036 2338 seniore:
1053 2290 1094 2338 ito
1111 2300 1143 2348 1³3
1162 2289 1256 2353 paucis
1273 2289 1316 2338 dil·

123 2372 214 2420 ferunt
232 2383 274 2422 nc.
311 2370 418 2433 Reliqui
437 2384 500 2418 vero
519 2375 582 2434 post
604 2371 777 2420 momdemtem
794 2373 821 2421 in
839 2371 935 2421 coelum
957 2371 1028 2422 nihil
1046 2371 1162 2423 addunt.
1186 2371 1191 2436 Ι
1212 2375 1317 2438 Μία

120 2483 130 2494 ·
150 2459 341 2508 contradicetur
359 2472 417 2506 cum
437 2470 467 2516 ος
491 2469 527 2509 ΑΒ
545 2472 587 2506 orn
680 2432 691 2464 ⁴

210 2543 279 2591 illuc
302 2539 329 2603 (c
352 2540 405 2590 add
429 2540 541 2606 quidcem)
565 2541 619 2590 ‹lid-
637 2542 724 2591 Didae
747 2540 793 2604 (nc
816 2557 913 2593 nomen
938 2540 993 2605 om)
1019 2571 1032 2580 ·
1056 2544 1274 2606 concreyatiom
1292 2540 1316 2603 lc

120 2625 308 2676 multitudinem
326 2624 458 2688 Iudaeor.)
482 2625 512 2673 Si
534 2625 618 2674 comula
636 2640 700 2689 quoe
718 2650 728 2660 ·
745 2626 773 2673 in
792 2629 850 2675 lecu
873 2625 902 2687 (Α
921 2626 948 2674 im
966 2626 1107 2676 Ierusalem
1113 2646 1122 2685 ,-
1142 2638 1160 2676 Β
1181 2642 1223 2676 om
1240 2626 1267 2674 iu
1282 2624 1315 2673 Ie.

53 2774 57 2782 .
111 2712 158 2776 sa.
178 2712 248 2775 runt)
261 2714 342 2777 fucta
359 2716 425 2771 runt,
445 2713 525 2762 adeo
543 2716 609 2769 sumt,
627 2715 701 2761 etue
719 2711 797 2774 (haec
816 2713 855 2763 ita
874 2727 903 2773 c;
922 2725 958 2763 nn
976 2715 1063 2763 minus
1082 2712 1171 2776 recto)
1182 2713 1239 2780 jtut
1253 2738 1264 2749 ·
1280 2726 1315 2762 no

120 2797 189 2846 strio.
225 2797 318 2846 Dicor.
339 2798 374 2846 ad
396 2797 501 2845 inuicem
525 2796 553 2857 (n
572 2796 625 2858 om)
643 2822 652 2832 ·
671 2797 788 2860 quonium
807 2797 836 2860 (n
855 2795 908 2859 om)
931 2822 942 2832 ·
966 2797 1077 2847 continet
1093 2797 1182 2846 diem
1204 2795 1232 2859 (n
1249 2793 1317 2858 atad

120 2885 184 2934 Erit
197 2884 223 2946 (c
235 2900 284 2949 pro
298 2885 428 2934 Diuerunt
442 2891 485 2934 etc
498 2885 550 2934 sic:
571 2884 701 2948 Scriptum
719 2889 758 2934 eat
768 2886 834 2934 enirm
845 2885 872 2934 iu
886 2885 940 2948 leue
951 2889 1040 2934 nostru
1052 2881 1089 2934 Et
1101 2884 1165 2945 crit)
1179 2914 1189 2926 ·
1202 2885 1329 2935 matut.

121 2969 148 3032 (c
161 2966 215 3031 orn)
233 2970 260 3017 iu
278 2969 364 3019 secula
383 2969 412 3032 (n
424 2967 472 3030 lo)
491 2998 500 3009 -
515 2972 650 3033 permanet
667 2971 695 3031 (n
708 2969 797 3033 molit)
817 2968 887 3018 locus
905 2968 952 3032 (nc
970 2967 1070 3032 nomm)
1088 2970 1143 3019 eius
1161 2999 1171 3010 -
1190 2974 1217 3020 et
1227 2968 1256 3032 (n
1267 2965 1317 3030 on)

120 3067 184 3103 cmm.
202 3057 272 3117 qemt.
293 3069 357 3103 sero.
376 3053 400 3101 ei
424 3053 454 3115 (Β
472 3067 514 3101 orn
538 3069 604 3103 cero.
625 3054 657 3103 el.
695 3066 770 3104 eom
795 3057 820 3103 et
837 3068 902 3102 omn.
920 3069 947 3117 9.
965 3068 986 3104 a.
1003 3053 1054 3115 οὓς
1078 3057 1103 3103 et
1128 3052 1157 3115 (B
1176 3051 1231 3117 om)
1252 3066 1318 3116 τερα

120 3136 166 3200 (nn
185 3138 240 3201 orn)
260 3169 269 3178 -
288 3139 427 3190 adoream
444 3138 472 3201 (n
491 3139 546 3201 orn)
565 3144 591 3189 et
607 3139 800 3206 mayniflocuter
818 3138 847 3200 (Β
866 3139 980 3201 uolunt)
998 3154 1061 3188 eum.
