2896 5062
118 372 181 434 486
513 370 683 422 vinnium
705 369 931 420 sauvalonis,

205 523 233 562 ³⁵
257 521 388 588 Deinde
418 521 501 586 dixit
529 522 686 588 Tiberius
716 524 898 607 imperator
923 520 1108 590 Volusiano
1136 521 1331 597 Velosiane,

119 628 231 693 vidisti
253 628 399 711 aliquem
424 627 591 693 hominem
614 628 654 694 de
680 628 734 693 his
758 626 816 712 qui
837 626 999 692 vidissent
1020 626 1222 694 Christum?
1266 627 1330 697 Ve-

119 734 269 800 losianus
300 733 474 817 respondit
504 732 592 801 Vidi.
638 733 736 799 Dixit
767 732 990 816 Interrogasti
1022 733 1189 816 quomodo
1223 734 1328 817 bapti·

120 844 199 905 zant
229 860 285 904 eos
314 838 372 922 qui
403 837 584 903 credebant
614 839 648 903 in
677 836 871 905 Christum?
915 835 1116 904 Volusianus
1143 837 1230 903 dixit
1251 839 1326 921 Hic,

121 941 251 1007 domine
273 940 329 1021 mi,
353 940 514 1006 habemus
536 962 639 1006 unum
664 963 704 1007 ex
727 938 899 1024 discipulis
922 940 1027 1023 ipsius
1050 939 1190 1007 Christi.
1233 941 1325 1007 Tune

120 1046 292 1129 praecepit
314 1045 426 1111 vocari
449 1044 587 1111 Nathan
608 1046 720 1111 venire
746 1045 789 1112 ad
817 1066 860 1111 se.
905 1043 1011 1113 Venit
1032 1066 1111 1130 ergo
1132 1044 1272 1112 Nathan
1294 1053 1323 1112 et

121 1150 305 1231 baptizavit
338 1171 412 1214 eum
443 1150 478 1214 in
509 1149 642 1214 nomine
673 1150 779 1233 patris
813 1154 846 1214 et
876 1148 937 1213 filii
970 1154 1003 1215 et
1036 1151 1176 1233 spiritus
1213 1153 1323 1232 sancti,

122 1273 227 1317 amen.
278 1251 399 1317 Statim
427 1252 581 1318 Tiberius
614 1253 799 1336 imperator
829 1250 937 1318 faetus
969 1273 1068 1318 sunus
1099 1253 1141 1319 ab
1176 1255 1322 1320 omnibus

121 1355 338 1439 languoribus
369 1357 438 1420 suis
470 1355 620 1422 ascendit
651 1378 750 1441 super
781 1356 900 1422 solium
929 1377 1024 1422 suum
1053 1363 1085 1421 et
1113 1356 1201 1422 dixit
1221 1357 1321 1423 Bene·

122 1457 229 1523 dietus
253 1478 301 1540 ea,
331 1457 460 1524 domine
483 1459 565 1524 deus
588 1461 796 1545 omnipotens
818 1464 852 1525 et
874 1458 1066 1542 laudabilia,
1096 1460 1155 1543 qui
1176 1460 1319 1526 liberasti

121 1582 173 1626 me
190 1561 230 1626 de
248 1561 368 1645 laqueo
391 1562 508 1628 mortis
531 1567 564 1628 et
586 1562 752 1628 mundasti
775 1584 825 1628 me
849 1561 891 1627 ab
916 1560 1068 1627 omnibus
1090 1561 1319 1646 iniquitatibus

121 1663 218 1746 meis,
247 1664 327 1747 quia
353 1664 493 1729 multum
521 1666 654 1749 peceavi
684 1686 793 1731 eoram
816 1668 864 1746 te,
891 1663 1021 1729 domine
1049 1664 1131 1729 deus
1160 1685 1267 1748 meus,
1292 1671 1319 1730 et

121 1785 189 1830 non
218 1787 291 1830 sum
319 1765 437 1850 dignus
464 1767 576 1833 videre
604 1767 724 1834 faciem
753 1772 852 1832 tuam.
899 1766 948 1831 ut
974 1771 1055 1830 tunc
1081 1765 1241 1832 'liberius
1266 1766 1317 1831 irn-

121 1872 258 1950 perator
287 1867 352 1932 fuit
378 1870 560 1935 instructus
587 1870 622 1935 in
652 1869 804 1939 omnibus
832 1867 983 1935 articulis
1011 1867 1089 1933 fidei
1116 1868 1265 1951 plenarie
1289 1874 1316 1934 et

122 1971 218 2037 firma
239 1971 313 2037 fide.

209 2075 237 2114 ³⁰
258 2076 337 2159 Ipse
361 2076 442 2143 daus
465 2078 672 2161 omnipotens
695 2079 753 2163 qui
780 2081 831 2142 est
861 2098 919 2143 rex
946 2097 1062 2161 regum
1090 2082 1124 2143 et
1153 2077 1316 2145 dominan-

122 2178 205 2241 tium
235 2178 402 2262 dominuS‚
433 2181 504 2263 ipse
533 2203 594 2246 nos
622 2181 749 2247 infide
777 2202 837 2245 sua
864 2184 1019 2264 protegat
1046 2185 1081 2245 et
1107 2178 1265 2247 defendat
1289 2187 1317 2247 et

122 2281 242 2347 liberet
263 2282 304 2347 ab
328 2284 417 2348 omni
439 2285 589 2367 periculo
620 2292 653 2351 et
679 2286 780 2367 malo,
810 2291 843 2349 et
872 2283 1026 2367 dignetur
1054 2305 1116 2349 nos
1145 2286 1317 2369 perducere

123 2382 288 2448 advitam
312 2390 495 2469 aeternam,
523 2387 592 2453 vita
618 2388 796 2471 temporali
823 2385 1005 2451 deficiente.
1050 2385 1117 2472 Qui
1147 2393 1199 2452 est
1227 2388 1316 2455 bene·

124 2487 232 2553 dietus
253 2489 288 2553 in
312 2492 447 2556 saecula
470 2493 690 2575 saeculorum,
714 2513 818 2558 amen.

210 2702 252 2751 36.
278 2703 340 2751 deus
356 2705 511 2765 omnipotens
528 2735 538 2745 ·
556 2706 682 2754 daminus:
704 2704 761 2752 Van
779 2705 841 2753 deur
858 2704 951 2766 omnip.
966 2703 1009 2766 qui
1026 2707 1063 2751 eat
1081 2718 1185 2765 regnum
1206 2709 1231 2753 et
1248 2705 1318 2754 ‹leni-

124 2788 236 2835 nantium
254 2789 380 2846 dominus,-
398 2789 467 2838 Amb
487 2795 524 2840 ert
541 2807 587 2840 rex
604 2807 698 2854 regum,
717 2791 779 2839 deur
796 2795 821 2839 et
838 2790 952 2839 domim
969 2788 1153 2836 dominantium
1174 2789 1179 2852 1
1204 2789 1257 2851 Qui
1270 2794 1319 2839 est:

124 2875 181 2926 Ven
200 2877 243 2939 qai
259 2892 286 2925 er

210 2963 283 3012 hSnx
302 2964 420 3013 breviter
439 2966 490 3014 sic:
517 2965 563 3012 Cui
580 2970 615 3014 sil
630 2965 719 3029 aleria
735 2971 761 3014 et
778 2967 858 3015 honor
875 2966 902 3012 ia
920 2961 1024 3013 saecula
1044 2963 1219 3025 saeculorum,
1243 2982 1319 3016 ames.
