2880 5062
124 390 188 452 478
519 385 689 439 vrnnrers
707 386 933 439 snavsrorus.

125 540 282 606 dixerunt
302 539 496 605 Diindieate
524 559 599 618 nos,
627 560 701 603 oum
723 538 904 603 debeamus
927 539 1026 620 mori,
1055 537 1136 621 quia
1160 534 1310 602 Christum

124 665 187 709 nos
214 644 432 709 indicarimus
460 648 494 708 et
522 644 592 708 sine
617 664 718 708 eausa
740 641 883 708 traditus
906 641 979 707 fuit.
1023 641 1124 707 uisus
1146 646 1181 706 et
1203 639 1311 722 Vespa·

126 747 239 812 sianus
270 746 558 830 apprehenderunt
589 767 660 827 eos,
691 751 726 810 et
754 767 794 811 ex
826 752 922 829 parte
949 745 1198 829 lapidaverunt,
1227 751 1259 809 et
1280 765 1310 808 er

125 858 222 934 parte
253 850 496 934 suspenderunt
526 851 561 915 in
588 850 729 933 lignum,
759 850 860 933 pedes
889 871 1020 915 sursum
1048 855 1083 913 et
1110 853 1212 930 caput
1236 847 1310 912 deor·

127 975 213 1034 sum,
242 960 275 1018 et
302 954 428 1018 lanceis
456 960 691 1037 percusserunt
717 975 790 1035 eos3
819 953 902 1019 alios
926 959 1039 1018 autem
1060 950 1310 1016 tradideruntin

126 1055 361 1138 venditionem,
390 1061 424 1120 et
446 1056 530 1121 alios
554 1056 737 1120 diviserunt
758 1058 848 1120 inter
870 1077 920 1139 se,
949 1062 983 1120 et
1010 1055 1164 1120 iecerunt
1186 1061 1311 1137 quatuor

126 1166 236 1241 partes
263 1161 348 1226 sient
376 1167 410 1225 et
436 1161 485 1225 illi
513 1160 664 1227 fecerunt
692 1161 732 1226 de
757 1161 963 1227 vestimentis
990 1160 1126 1226 domini.
1172 1159 1220 1224 Et
1240 1158 1311 1222 dire

126 1267 204 1325 runt
226 1260 457 1328 Vendiderunt
481 1261 651 1327 Christum
679 1262 819 1346 triginta
847 1262 1026 1346 argenteis,
1056 1267 1092 1325 et
1118 1282 1183 1326 nos
1210 1259 1312 1325 renda-

126 1384 198 1426 mns
226 1364 365 1446 triginta
394 1386 434 1427 ex
461 1365 543 1447 ipsis
571 1385 630 1446 pro
659 1386 725 1429 uno
755 1365 910 1429 denario:
942 1370 976 1428 et
1003 1364 1049 1427 sio
1079 1363 1240 1428 fecerunt.
1277 1363 1313 1426 ut

126 1488 201 1531 enm
231 1465 294 1530 hoe
324 1467 494 1549 fecissent,
525 1467 815 1550 apprehenderunt
843 1489 955 1532 omnes
982 1473 1091 1531 terras
1120 1465 1262 1531 Iudaeae
1287 1473 1313 1530 et

125 1568 319 1635 Ierusalem.

215 1672 240 1711 ¹⁸
254 1670 349 1736 Tune
369 1672 618 1755 inquisitionem
639 1674 801 1737 miserunt
823 1671 862 1736 de
883 1671 968 1736 facie
989 1671 1058 1735 sive
1080 1671 1177 1736 vultu
1198 1670 1313 1748 Christi,

125 1774 290 1857 quomodo
318 1781 457 1858 possent
484 1775 632 1839 invenire
661 1795 745 1839 eum.
789 1774 836 1839 Et
857 1774 1055 1838 invenerunt
1078 1773 1249 1838 mulierem
1268 1795 1312 1837 no

126 1877 214 1941 mine
236 1875 436 1942 Veronioam
463 1876 641 1941 habentem
669 1897 753 1940 enm.
800 1874 895 1940 Tunc
922 1875 1220 1958 apprehenderunt
1240 1874 1313 1939 Pila

125 1985 196 2043 tum
227 1986 261 2044 et
292 1981 455 2046 miserunt
485 2002 559 2045 eum
590 1981 624 2044 in
656 2001 821 2046 carcerem
853 1979 1107 2046 custodiendum
1137 2002 1159 2044 a
1186 1989 1313 2064 quatuor

126 2083 400 2166 quaternionibus
431 2084 574 2149 militum
606 2083 648 2148 ad
679 2085 802 2149 ostium
834 2072 996 2148 oareeriss
1039 2081 1185 2148 1⁹'l'unc
1216 2084 1313 2147 statur

126 2327 173 2376 sed
193 2327 226 2375 ab
247 2327 296 2375 hoc
316 2327 379 2376 inde
398 2328 457 2376 loeo
480 2343 564 2390 usque
588 2328 696 2376 initium
721 2328 850 2379 sectionis
873 2328 915 2377 26.
942 2329 971 2376 in
994 2325 1087 2377 codiee
1107 2326 1214 2376 Veneto
1238 2334 1312 2376 textus

126 2413 199 2461 sarie
219 2412 341 2461 turbatus
360 2420 403 2460 est
420 2414 585 2477 maximeque
604 2413 720 2477 eoquod
738 2414 865 2462 librarius
884 2413 949 2462 solis
968 2413 1084 2476 exempli
1103 2412 1147 2462 sui
1166 2413 1312 2477 permiscuit

126 2498 226 2546 Locum
250 2498 288 2545 Et
305 2498 427 2546 dixerant
448 2498 622 2547 Vendidmnt
644 2514 728 2562 usqne
751 2500 831 2548 etsie
845 2499 1018 2563 secernentes
1037 2498 1096 2546 Van
1121 2498 1219 2556 sumsi;
1242 2498 1312 2546 mutto

128 2584 233 2633 brevius
246 2583 312 2632 Amb
329 2584 383 2632 sie:
401 2590 427 2632 et
443 2584 540 2632 dabant
558 2586 645 2633 isdeas
662 2586 771 2647 triginta
784 2600 837 2646 pro
856 2600 904 2633 uno
920 2585 1038 2642 duania)
1059 2613 1069 2623 -
1088 2584 1203 2633 Iudaeae
1219 2588 1242 2632 et
1253 2583 1311 2631 [οη

126 2669 218 2718 salem:
237 2666 315 2718 ASax
332 2671 371 2718 Et
389 2686 442 2718 assas
460 2672 522 2718 daec
539 2671 672 2728 dias'ssent,
689 2672 777 2719 statis»
794 2672 946 2735 apprehensi
963 2674 1021 2718 ssent
1037 2671 1151 2734 sndiqsse
1168 2674 1193 2717 et
1210 2669 1312 2733 liyats‘et

126 2756 235 2818 undique
254 2755 379 2818 lapidati;
401 2761 427 2803 et
444 2755 494 2803 alii
511 2757 626 2819 suspensi
643 2760 702 2804 sssnt
719 2757 745 2803 iss
763 2756 897 2805 ardoribus
914 2756 1009 2812 aridis,
1029 2756 1110 2817 pedes
1127 2772 1225 2803 messis
1242 2759 1264 2802 et
1278 2769 1309 2800 ea·

123 2844 184 2903 pita
201 2841 325 2898 Marsum,
348 2840 440 2888 etalii
453 2841 646 2904 percussissent
664 2841 768 2899 lanceis,
787 2847 811 2890 et
830 2841 878 2889 alii
897 2842 991 2890 venditi
1004 2857 1055 2902 pra
1074 2845 1165 2898 servis,
1183 2846 1207 2890 et
1224 2839 1268 2888 alii
1280 2837 1309 2885 di·

124 2928 174 2974 aiss'
192 2927 218 2973 iss
231 2929 340 2989 quatuos·
354 2931 446 2987 pas-tes
462 2927 666 2989 quemadnwdum
684 2928 735 2990 ipsi
749 2927 893 2976 diviserant
908 2928 935 2974 s‘n
951 2930 1063 2990 quatuos·
1076 2931 1171 2989 partes
1183 2924 1310 2974 Salsatsris

125 3016 213 3059 vestes.
239 3011 277 3058 Et
292 3011 364 3060 Titus
377 3015 403 3059 et
420 3011 591 3072 l'sspass'ansss
609 3016 729 3075 ceperant
746 3011 878 3061 consilians
895 3016 924 3059 sst
936 3011 1089 3060 Iudaeas-stas
1106 3011 1258 3076 reliqsonss
1272 3010 1308 3056 tri-

121 3099 198 3159 qs'nta
217 3097 383 3145 venderentur
396 3112 447 3159 pro
466 3114 514 3145 sno
532 3097 647 3154 denarc'o,
662 3099 804 3158 propterea
820 3097 889 3160 qnod
906 3097 1022 3145 emissent
1039 3102 1155 3146 sastrsss
1168 3096 1308 3146 salvatores

125 3183 234 3244 triginta
251 3182 366 3230 denariis
384 3199 400 3229 a
419 3183 487 3230 Iuda
505 3184 585 3244 ipsius
602 3182 737 3244 disceptato.
769 3183 808 3231 Et
822 3182 893 3230 litas
911 3187 935 3230 et
953 3182 1126 3246 Vespasianus
1143 3182 1308 3247 occupassem!

124 3284 208 3316 omnes
226 3274 311 3317 terras
329 3269 450 3318 Iudaeae.

214 3353 253 3401 18.
290 3354 358 3401 stne·
376 3384 386 3393 ·
401 3356 478 3417 saes'e
500 3356 552 3402 siee
575 3355 653 3413 (haee
671 3370 714 3403 om
733 3354 812 3414 emb)
831 3380 841 3389 -
860 3355 979 3418 quomodo
998 3370 1083 3418 usqne
1102 3369 1158 3411 essss
1176 3354 1226 3415 (its
1242 3351 1306 3402 sss:

126 3439 184 3488 Van
203 3439 245 3487 sbi
262 3456 316 3487 essm
340 3440 452 3487 invenire
471 3440 625 3501 potuissent)
643 3464 652 3474 ·
671 3442 797 3488 carceris.-
822 3440 897 3488 ASax
921 3441 959 3488 Et
981 3439 1121 3503 diligenter
1144 3438 1306 3503 inquisissent

123 3541 158 3571 aa
174 3525 250 3588 sorte
272 3526 308 3572 ibi
330 3531 395 3573 esset
419 3524 514 3588 aliquis
532 3527 575 3588 qai
596 3525 700 3573 haberet
717 3525 886 3573 miraculosae
903 3525 1027 3588 reliquias
1045 3525 1195 3574 salvatoris
1210 3525 1239 3572 de
1255 3524 1306 3572 seste

124 3615 178 3659 eius
203 3611 241 3658 oel
260 3611 330 3658 alias
347 3627 388 3659 res
403 3613 533 3671 pretiosas
538 3631 547 3666 ,·
571 3615 596 3658 et
615 3615 667 3659 tam
684 3611 822 3673 diliyenter
841 3613 1017 3675 quaesiverant
1033 3615 1063 3659 al
1080 3613 1221 3659 invenirent
1235 3607 1304 3656 nde

125 3712 177 3743 rem
202 3697 298 3743 nomine
322 3695 478 3754 l'eronicam,
501 3703 525 3745 et
543 3697 605 3743 daec
622 3701 680 3743 erat
695 3695 787 3755 fidelis
807 3697 965 3754 Christiana,
989 3696 1085 3745 dilecta
1108 3691 1305 3745 etiamad

123 3783 192 3831 amns'
207 3781 312 3840 populo.
349 3781 420 3829 Erat
438 3781 524 3829 eadem
541 3781 666 3830 Veranica
685 3798 749 3845 qnae
767 3783 852 3844 tetiyit
865 3782 1012 3830 Salinatoris
1028 3786 1121 3830 cestens
1138 3798 1215 3846 eoque
1230 3783 1305 3829 sasatfl

123 3870 161 3915 est
179 3881 196 3911 a
207 3865 284 3928 flas-a
302 3869 442 3928 sanguinis.
481 3867 524 3914 Ea
542 3867 650 3916 habebat
663 3869 822 3928 particulam
835 3869 867 3917 de
882 3875 949 3918 seete
961 3868 1111 3917 Salinatoris
1126 3873 1152 3916 et
1165 3882 1253 3916 sssnm
1264 3864 1305 3912 loss

118 3950 243 4015 ponebat,
262 3956 286 3998 et
304 3952 456 3999 aestimabat
474 3953 547 4015 qnasi
564 3957 629 4001 esset
647 3955 703 4015 ipsa
724 3954 819 4001 Christi
832 3954 929 4017 facies.
960 3954 999 4002 Et
1019 3954 1091 4002 litas
1109 3960 1135 4003 et
1156 3952 1306 4016 Vespasiani

122 4039 245 4084 miserant
262 4037 296 4083 ad
314 4053 377 4093 eam,
396 4039 496 4099 etipsa
514 4040 606 4088 mansit
625 4055 678 4086 ram
697 4041 733 4087 eis
751 4039 851 4103 aliquot
868 4040 931 4096 dies,
950 4056 1026 4103 usqae
1038 4041 1097 4088 dssn
1115 4039 1263 4089 Volusianus
1272 4038 1305 4082 in·

117 4123 252 4185 peratorls
270 4127 392 4183 coenatus
409 4124 536 4171 veniebat.-
555 4130 630 4188 atque
649 4126 675 4172 in
694 4125 741 4174 s‘llo
760 4125 898 4174 intervallo
910 4126 1027 4186 occupati
1038 4128 1115 4176 erant
1127 4132 1155 4175 at
1168 4124 1306 4189 compulsu·

120 4208 210 4254 derent
222 4205 345 4263 Pilatum,
363 4211 388 4255 et
399 4209 526 4258 duxerunt
544 4226 597 4257 essm
616 4211 642 4257 in
660 4226 738 4258 eavea
749 4212 844 4273 ferrea
863 4212 889 4258 in
907 4211 991 4259 arbem
1003 4212 1169 4269 Damascum,
1188 4211 1264 4274 iliqse
1277 4208 1306 4254 δ’·

122 4291 250 4341 elasoeunt
274 4309 328 4340 eam
349 4309 400 4340 sna
423 4311 477 4342 eam
500 4311 577 4342 eavea
602 4298 627 4342 s'n
650 4312 753 4344 earcere
777 4298 885 4351 munito,
908 4301 932 4345 et
949 4297 1141 4347 collocaverant
1159 4296 1267 4346 afletada
1280 4291 1307 4339 sd

116 4384 229 4438 postam,
248 4379 341 4427 milites
359 4381 531 4442 quadraqinta
550 4386 667 4443 qsatssar.

207 4466 247 4513 19.
278 4464 348 4513 Tune
364 4467 451 4513 statim
468 4489 479 4500 ·
497 4466 531 4512 ad
549 4481 590 4514 se:
618 4466 694 4514 ASsx
715 4470 755 4516 Aa
772 4473 824 4518 tam
844 4469 966 4517 miserant
981 4469 1086 4519 sentim
1103 4470 1209 4518 amn
1226 4467 1258 4516 ad
1273 4467 1307 4512 iu·
