2896 5062
357 1444 580 1519 EPISTOLA
613 1447 771 1519 PONTII
802 1442 962 1519 PILATI

56 1662 160 1720 QUAM
183 1660 323 1711 SCRIBI'I'
345 1662 391 1710 ΔΙ)
416 1660 594 1711 Romnum
619 1660 871 1710 inenssn'rosstn
893 1660 940 1709 DE
962 1658 1103 1709 DOMINO
1122 1659 1260 1709 NOSTRO

528 1744 608 1793 lesu
631 1743 792 1794 enmono.

119 1937 259 2002 Pontius
287 1936 418 2002 Pilatus
447 1936 580 2001 Tiberio
609 1935 746 2001 Caesari
776 1937 968 2020 imperatori
997 1937 1138 2001 salutem
1168 1936 1197 2002 d.

144 2056 196 2121 De
224 2056 302 2121 Iesu
326 2055 473 2140 Christo,
501 2078 598 2140 quem
626 2057 688 2121 tibi
715 2056 812 2137 plane
839 2057 1014 2139 postremis
1042 2056 1124 2120 meio
1151 2056 1259 2121 deolo·

57 2181 227 2242 noveram,
265 2167 346 2224 nutu
379 2161 513 2226 tandem
544 2161 656 2244 populi
689 2160 841 2225 acerbum
873 2182 924 2225 me
956 2161 1052 2243 quasi
1089 2160 1192 2224 invito
1226 2166 1259 2225 et

58 2263 260 2327 subtimente
289 2262 487 2345 supplicium
516 2269 681 2345 sumptum
712 2270 771 2327 est.
817 2262 934 2329 Virum
961 2261 1072 2326 hercle
1099 2263 1147 2326 ito
1168 2263 1259 2343 pium
1358 2309 1363 2322 .

58 2374 93 2431 et
116 2388 265 2432 severum
287 2366 380 2431 nulla
402 2388 548 2449 unquam
571 2374 665 2431 aetas
688 2366 806 2431 habuit
827 2387 887 2430 nec
910 2364 1066 2430 habituro
1089 2372 1149 2430 eet.
1193 2364 1259 2431 sed

57 2470 162 2533 mirus
200 2471 328 2535 exstitit
362 2470 466 2553 ipsius
505 2471 618 2552 populi
656 2476 796 2535 conatus
832 2471 1042 2552 omniumque
1074 2469 1258 2534 soiibarum

58 2571 245 2654 principum
284 2578 318 2635 et
356 2573 521 2637 seniorum
554 2592 749 2650 eonsensuS,
787 2571 855 2635 suis
892 2570 1061 2652 prophetis
1099 2578 1132 2635 et
1168 2592 1258 2635 more

58 2681 174 2740 nostro
209 2674 346 2759 sibyllis
383 2683 501 2741 contra
537 2675 763 2755 niiinentibu8‚
800 2676 888 2740 hunc
925 2677 1077 2740 veritatis
1114 2677 1257 2759 legatum

58 2778 264 2861 crucifigere3
297 2779 400 2861 signis
427 2785 462 2842 et
488 2798 590 2861 supra
618 2785 770 2843 naturam
793 2780 1045 2862 apparentibu3‚
1077 2779 1153 2844 dum
1181 2800 1257 2861 pen-

58 2880 164 2961 deret,
193 2888 226 2944 et
254 2879 326 2943 orbi
355 2882 508 2945 universo
534 2879 809 2963 philosophorum
832 2881 955 2945 iudicio
979 2880 1107 2963 lapsum
1129 2882 1257 2945 minan·

57 2982 155 3047 tibus.
199 2983 325 3065 Vigent
351 2985 440 3048 illius
470 2982 638 3066 discipuli,
667 3005 765 3067 opere
793 2990 826 3048 et
848 2986 935 3049 vitoe
961 2985 1168 3050 continentia
1189 3007 1256 3049 ma-

57 3086 196 3166 gistrum
226 3106 293 3149 non
321 3086 532 3165 mentientem,
560 3087 625 3149 imo
648 3087 682 3150 in
705 3086 776 3151 eius
800 3087 930 3151 nomine
958 3085 1256 3151 beneficentissimi.

56 3184 133 3250 Nisi
172 3207 232 3269 ego
270 3187 465 3251 seditionem
502 3187 618 3268 populi
652 3208 755 3270 prope
787 3187 972 3252 aestuantis
1004 3186 1126 3252 exoriri
1158 3188 1256 3269 perti-

143 3429 265 3481 Eniotolo
284 3436 340 3478 ete:
363 3430 402 3478 ito
420 3444 451 3477 ex
472 3429 538 3478 Von.

143 3524 218 3571 Pont.
245 3523 296 3585 (ito
322 3524 378 3572 Von
405 3524 488 3580 Bodi,
516 3524 579 3573 Fior
601 3523 656 3584 om)
685 3523 738 3573 Pil.
765 3524 845 3586 (Bodl
873 3524 926 3573 odd
952 3524 1065 3572 Iudaeae
1087 3522 1254 3585 procurator)

60 3610 114 3658 Teo.
137 3610 206 3658 Caes.
230 3610 290 3673 imp.
317 3609 367 3669 (ita
386 3610 443 3659 Ven
468 3611 551 3668 Bodl,
576 3612 639 3660 Flor
662 3611 715 3673 om)
738 3610 846 3660 nitatem
869 3611 949 3672 (Bodi
973 3614 1003 3669 ε.)
1027 3612 1052 3659 d.
1072 3611 1145 3671 (nior
1163 3626 1204 3658 om
1223 3612 1255 3658 de

55 3694 125 3742 Bodl
144 3694 184 3757 p.)

142 3788 290 3837 nebtimente
308 3805 365 3837 cum
386 3789 443 3839 Ven
462 3788 546 3838 Chaon
567 3824 596 3839 ..
617 3790 679 3837 Flor
696 3790 847 3846 subticente,
872 3789 940 3837 Bodl
963 3789 1102 3837 subnitenie
1117 3788 1121 3849 Ι
1137 3792 1162 3835 et
1180 3790 1255 3849 (Flor

55 3874 141 3923 cnm
160 3876 201 3935 ac)
224 3891 336 3923 tenerum
354 3875 428 3937 (Flor
445 3876 582 3937 eine-erum)
606 3891 664 3925 oum
685 3877 741 3925 Ven
760 3877 824 3925 Fini·
841 3875 925 3924 Choes
946 3912 975 3924 ..
996 3876 1065 3924 Bodl
1087 3878 1124 3923 ita
1142 3893 1254 3925 neverum

57 3962 61 4021 j
81 3974 190 4021 unquam
215 3974 273 4007 cum
292 3960 350 4008 Ven
368 3959 431 4007 Flor
449 3959 532 4009 Chaon
553 3997 582 4009 ..
608 3960 675 4009 Bodl
699 3964 758 4009 aute
782 3966 786 4016 Ι
810 3961 965 4024 omniumque
985 3996 992 4009 .
1012 3996 1018 4008 .
1040 3961 1096 4010 Ven
1116 3977 1157 4009 om
1182 3979 1228 4025 que

51 4044 199 4108 principum
222 4048 247 4091 ot
270 4059 329 4093 oum
348 4043 406 4093 Von
428 4042 526 4102 Chaos,
550 4046 616 4095 item
636 4045 703 4095 Bodi
727 4050 753 4095 et
771 4046 857 4109 prino.
877 4062 908 4093 ao
932 4082 938 4095 .
960 4083 966 4095 .
988 4047 1049 4095 Plor
1067 4052 1092 4095 et
1115 4044 1120 4107 Ι
1144 4051 1169 4096 et
1188 4064 1252 4096 mor.

55 4146 115 4179 oum
134 4130 192 4180 Ven
212 4131 274 4179 Flor
293 4130 377 4180 Chaon
396 4166 428 4181 ..
453 4132 522 4181 Bodl
540 4148 582 4182 om
605 4136 630 4181 et
647 4135 756 4193 lconira
777 4132 909 4181 monenttb.
935 4131 1005 4191 (Yon
1028 4131 1174 4192 monenttt.)
1194 4147 1253 4180 enm

54 4216 125 4265 Bodl
146 4216 203 4265 Ven
223 4250 229 4263 .
249 4253 255 4265 .
277 4217 338 4267 Flor
361 4215 445 4266 Choes
466 4218 666 4281 praemonentit.
697 4220 701 4279 Ι
732 4219 792 4266 i'lor
816 4217 966 4282 wfirere
994 4218 999 4277 l
1027 4217 1108 4279 niquis
1130 4221 1156 4265 et
1178 4216 1254 4277 (Flor

54 4305 145 4366 etiam)
165 4321 223 4355 cnm
235 4307 293 4357 Ven
307 4306 368 4355 Flor
387 4341 417 4355 ..
439 4306 506 4354 Bodl
525 4322 566 4355 om
585 4311 610 4354 et
625 4310 629 4366 Ι
647 4307 714 4355 Bodl
732 4305 908 4353 minitantibus
923 4306 927 4367 Ι
948 4304 1039 4368 Viyeot
1058 4338 1087 4353 ..
1108 4304 1191 4353 Chim
1209 4320 1253 4352 ur·

51 4393 114 4453 gent
129 4392 133 4447 Ι
150 4390 222 4439 atius
240 4426 266 4440 ..
285 4390 341 4440 Von
360 4390 430 4446 etue!
448 4388 674 4455 tmfloentiaeeimi:
699 4390 755 4439 Ven
774 4404 864 4452 praem
883 4388 972 4451 utique
991 4389 1123 4452 unicuique
1142 4394 1147 4447 Ι
1167 4386 1253 4437 chus·

109 4488 495 4540 Enna.⁸poer.ed.'i'iuchondori.
518 4489 560 4530 Ed.
570 4490 598 4529 11.
1006 4476 1039 4523 2ss
