2880 5062
129 369 190 431 114
422 370 469 419 un
488 370 701 420 nnrnvnnnrn
719 370 863 419 nnnrnn.
892 367 967 418 car.
986 334 1045 419 ιιι.’

127 526 162 584 et
178 518 334 584 Ioachim
351 520 521 584 ascendit.
552 521 606 584 Ea
621 541 701 585 vero
719 526 927 603 tempestate
946 518 1092 585 Isachar
1107 521 1156 586 ibi
1171 521 1295 604 pontifex

126 629 210 687 erat.
243 622 399 707 Cumque
417 625 510 688 inter
527 631 662 689 ceteros
681 626 840 690 concives
859 645 940 689 suos
959 625 1063 689 etiam
1080 623 1229 690 Ioachim
1242 644 1296 689 cun

126 726 304 792 oblatione
329 748 393 792 sua
407 727 558 809 videret,
583 727 745 811 despexit
766 749 843 792 eum
868 734 903 792 et
924 748 1069 792 munera
1093 728 1168 792 eius
1190 726 1298 811 sprevit,

125 830 347 913 interrogans
373 852 435 895 cur
461 832 555 895 inter
578 829 750 896 fecundos
776 830 988 896 infecundus
1014 830 1091 914 ipse
1117 836 1207 895 stare
1228 849 1299 913 prae·

126 939 293 1012 sumeret3
318 932 438 999 dicens
461 954 607 998 munera
628 955 850 1017 nequaquam
872 934 938 998 deo
962 933 1069 1016 digna
1088 953 1191 1017 posse
1207 931 1299 1011 videri,

125 1038 290 1118 quoniam
312 1036 426 1119 ipsum
443 1037 540 1119 prole
563 1036 747 1120 indignu'm
769 1037 976 1117 iudicasset,
1000 1035 1177 1119 scriptura
1191 1035 1299 1100 dicente

123 1139 348 1225 maledictum
380 1160 515 1204 omnem
549 1160 625 1204 esse
658 1140 719 1222 qui
750 1159 820 1203 non
851 1140 1034 1222 genuisset
1064 1138 1248 1204 masculum
1272 1136 1298 1199 in

123 1240 246 1307 Israel.
283 1241 437 1307 Dicebat
459 1263 540 1326 ergo
558 1243 656 1325 prius
675 1263 752 1307 eum
774 1241 816 1306 ab
839 1241 905 1306 hac
925 1239 1175 1307 maledictione
1196 1237 1299 1305 sobolis

124 1345 351 1427 generatione
378 1345 596 1427 solvendum,
624 1352 660 1410 et
684 1346 735 1410 sic
758 1345 896 1410 demum
921 1346 957 1409 in
984 1350 1176 1427 conspectu
1196 1340 1299 1408 domini

124 1468 201 1512 cum
223 1448 461 1514 oblationibus
483 1470 559 1515 esse
582 1455 776 1514 venturum.
823 1446 962 1513 'Cuius
985 1446 1167 1530 opprobrii
1188 1444 1298 1512 obiectu

122 1551 257 1633 pudore
269 1572 393 1635 magno
406 1552 559 1617 suffusus
570 1550 728 1617 Ioachim
745 1550 788 1617 ad
799 1558 958 1634 pastores
971 1550 1031 1633 qui
1045 1570 1124 1614 cum
1134 1546 1298 1632 pecudibus

123 1662 224 1719 erant
245 1655 281 1718 in
302 1656 443 1738 pascuis
465 1656 539 1720 suis
562 1656 724 1736 secessit3
747 1675 862 1738 neque
885 1654 977 1718 enim
997 1653 1137 1718 domum
1160 1649 1297 1735 repedare

122 1756 243 1837 voluit,
265 1778 309 1822 ne
327 1757 417 1823 forte
434 1780 456 1824 a
472 1758 731 1824 contribulibus
749 1759 832 1839 sniis,
851 1757 911 1840 qui
929 1756 1033 1822 simul
1049 1755 1196 1821 aderant
1210 1751 1297 1820 ethoc

123 1879 143 1923 a
160 1859 340 1926 sacerdote
358 1862 553 1942 audierant,
575 1861 697 1927 eodem
718 1860 897 1945 opprobrii
916 1859 1031 1943 elogio
1049 1865 1234 1925 not-aretur.

619 2082 740 2150 Oneon
763 2084 829 2148 III.

210 2253 362 2320 ¹Verum
379 2277 456 2321 cum
473 2256 523 2321 ibi
540 2256 757 2340 aliquamdiu
776 2262 879 2336 esset,
898 2254 1047 2338 quadam
1065 2253 1121 2319 dio
1140 2272 1212 2319 cum
1227 2250 1296 2315 essct

123 2356 236 2439 solus,
262 2359 407 2443 angelus
431 2358 564 2425 domini
587 2360 619 2424 ei
642 2380 720 2424 cum
742 2359 911 2423 immenso
934 2357 1066 2422 lumine
1092 2355 1212 2421 astitit.
1245 2342 1295 2431 Qui

123 2479 200 2524 cum
223 2461 266 2525 ad
289 2462 365 2527 eius
384 2462 553 2549 visionem
576 2462 791 2543 turbaretur,
815 2461 961 2544 angelus
978 2462 1039 2544 qui
1061 2461 1094 2525 ei
1115 2454 1295 2544 apparuerat

120 2562 281 2628 timorem
299 2565 374 2629 eius
386 2566 603 2648 compescuit
614 2565 750 2630 dicens:
774 2564 857 2630 Noli
875 2566 1009 2647 timere,
1026 2563 1192 2645 Ioachim,
1208 2570 1295 2640 neqve

122 2666 302 2732 invisione
319 2689 396 2733 mea
411 2669 581 2734 turberis:
600 2690 663 2753 ego
681 2670 774 2733 enim
791 2690 866 2733 sum
882 2668 1028 2752 angelus
1039 2668 1182 2748 domini,
1197 2665 1296 2730 misus

121 2770 163 2834 ab
181 2771 257 2854 ipso
276 2771 320 2835 ad
339 2777 383 2853 te,
401 2778 441 2836 ut
456 2772 663 2837 annuntiem
679 2770 744 2836 tibi
760 2792 883 2854 preces
900 2776 979 2836 tuas
997 2791 1073 2836 esso
1092 2767 1256 2834 exauditas
1268 2762 1296 2822 el

122 2874 360 2957 eleemosynas
391 2881 470 2940 tuas
502 2875 704 2940 ascendisse
735 2874 771 2938 in
798 2881 1024 2957 conspectum
1056 2873 1144 2938 eius.
1187 2866 1295 2939 Videns

122 2978 252 3061 quippe
268 2976 356 3041 vidit
371 2976 541 3060 pudorem
558 2983 655 3042 tuum
679 2983 714 3042 et
730 2976 864 3042 audivit
880 2976 1079 3042 sterilitatis
1100 2969 1296 3058 opprobrium

121 3102 191 3146 non
209 3087 302 3145 recte
319 3079 385 3145 tibi
403 3080 589 3146 obiectum.
627 3081 771 3145 Peccati
788 3101 954 3163 namque,
978 3102 1047 3145 non
1063 3084 1206 3144 naturae
1224 3070 1297 3138 ultor

122 3190 176 3248 est
192 3184 288 3265 deus,
307 3190 342 3247 et
358 3182 438 3248 ideo
456 3205 533 3248 cum
550 3183 700 3248 alicuius
718 3189 856 3249 uterum
874 3183 1016 3264 claudit,
1039 3183 1083 3247 ad
1099 3182 1165 3247 hoc
1181 3170 1295 3244 facitut

120 3286 317 3351 mirabilius
335 3286 450 3351 denuo
468 3288 617 3370 aperiat,
640 3291 675 3351 et
690 3307 760 3351 non
778 3285 938 3352 libidinis
962 3307 1039 3352 esse
1057 3285 1151 3369 quod
1166 3277 1298 3349 nascitur

120 3498 242 3546 ascendit.
267 3498 300 3545 In
318 3515 348 3546 ec
360 3499 508 3562 festivitate
520 3523 529 3533 ·
542 3498 640 3546 videret
658 3500 801 3545 uastantem
815 3522 823 3532 ·
837 3497 877 3545 cir
891 3493 990 3560 [stare]
1004 3512 1093 3558 praee.
1110 3497 1159 3544 dic.
1177 3507 1233 3543 mun·
1242 3493 1280 3535 Μ
1290 3496 1300 3506 ’

120 3584 237 3646 quoniam
256 3584 337 3644 iprum
356 3583 496 3646 (scribitur
515 3567 558 3647 qm
574 3568 632 3646 iffi.
675 3581 783 3632 Correxi
806 3583 840 3632 ad
861 3583 931 3631 hanc
951 3581 1052 3631 codicis
1070 3582 1145 3631 amb.
1164 3572 1301 3641 scaptium
1340 3564 1342 3571 ¹

120 3666 235 3716 Fabricii
250 3669 394 3717 lectionem
408 3673 528 3731 quaeest
542 3684 613 3732 quem
625 3669 693 3731 ipre,
711 3668 837 3718 similiter
850 3668 908 3717 Par.
921 3683 994 3732 quon.
1008 3667 1073 3731 ὅρη)
1086 3693 1095 3704 ·
1109 3663 1246 3716 iudicabat·
1256 3660 1301 3699 *θ’

121 3752 239 3801 ledictum
257 3754 379 3802 homiaem
398 3753 459 3814 (sed
477 3770 571 3803 erinnem
590 3755 670 3804 ctiam
685 3754 743 3804 Par.
757 3754 908 3815 confirmat)
923 3755 966 3819 qui
977 3779 986 3789 -
999 3754 1137 3804 marculum
1148 3749 1187 3801 cel
1194 3740 1304 3814 semlffl

120 3835 183 3900 (hoc
196 3837 410 3889 additamentum
428 3840 469 3888 cel
476 3841 604 3904 seminam
620 3855 675 3889 non
688 3846 795 3889 tentum
808 3840 885 3890 deest
904 3839 976 3904 apud
988 3839 1140 3889 Fabricium
1158 3842 1185 3886 et
1196 3828 1306 3882 Volltfl‘·

120 3923 167 3973 ced
181 3925 262 3973 etiam
276 3926 304 3974 in
317 3925 384 3984 Par„
399 3926 462 3975 lninc
476 3941 531 3974 non
544 3923 707 3986 addidimus)
721 3931 773 3976 etc.

188 4013 212 4056 2.
227 4011 379 4072 pecudibus:
392 4010 451 4059 Par.
460 4011 593 4072 pecoribus
603 4012 671 4059 eius:
684 4011 782 4061 deindo
793 4012 853 4062 Pur.
865 4012 970 4061 recessit
983 4009 986 4074 Ι
1002 4011 1134 4072 repedare,
1145 4005 1213 4071 qnod
1221 3995 1316 4052 πω

120 4099 148 4143 et
160 4095 235 4145 Amb.
249 4095 360 4153 habent,
374 4104 455 4144 antea
466 4096 532 4144 dom.
545 4100 660 4158 repetere
673 4097 775 4146 editum
789 4104 839 4147 est.

189 4179 239 4236 111,
261 4183 283 4231 1.
303 4196 395 4242 precer
407 4185 465 4229 tuas
478 4207 486 4216 ·
499 4185 525 4230 ot
536 4181 705 4248 eleemosyna-r
723 4208 731 4218 -
751 4183 777 4230 io
790 4185 946 4245 conspectum
959 4179 1030 4244 (Par.
1044 4176 1187 4242 conspectu)
1200 4176 1257 4225 ein:
1275 4172 1307 4207 ε
1316 4145 1331 4192 ξ’

119 4265 162 4314 Pr.
176 4266 275 4314 Mattlr.
289 4265 340 4323 111,
357 4268 382 4315 4.
395 4267 586 4316 moerico-retice
600 4267 689 4329 (amb.
703 4269 844 4327 orationes)
858 4284 921 4331 quas
934 4271 961 4315 ta
974 4270 1000 4315 et
1011 4268 1090 4315 Anao
1102 4280 1166 4314 uxor
1178 4231 1339 4321 mon.

119 4355 147 4400 tc
160 4356 185 4400 et
198 4352 376 4415 pomeriata
387 4353 414 4400 ia
427 4357 560 4414 conspectu
573 4352 693 4401 altissimi
705 4353 830 4400 recitatae
841 4356 908 4400 aaut.
924 4349 927 4415 l
942 4368 990 4402 aon
1003 4355 1072 4401 recte
1087 4356 1119 4403 ut
1132 4349 1200 4399 vall.
1212 4347 1238 4396 et
1247 4340 1281 4390 P!
1296 4326 1342 4373 θ’

119 4437 196 4485 l'ubr.
217 4444 245 4486 et
258 4436 327 4485 Thil.
347 4453 392 4487 aec
403 4442 472 4486 recte
491 4436 494 4502 j
515 4439 620 4487 Peccati
637 4453 743 4501 namquo
755 4463 764 4474 ·
778 4443 960 4501 coquerentur:
979 4437 1029 4486 hoc
1046 4436 1183 4500 proprium
1199 4439 1239 4482 est
1252 4413 1342 4476 119

119 4522 269 4572 evanrelio.
