2880 5062
126 341 186 403 108
308 342 642 394 essarto-maranen
661 347 902 398 EVANGldLIUll.
928 344 1005 396 CAP.
1025 341 1129 393 xxxii.

125 494 216 558 dum.
253 493 431 559 Timentes
452 500 568 560 autem
590 499 757 581 populum
776 497 906 581 Ioseph
928 500 962 561 et
977 492 1093 558 Maria
1114 496 1149 555 et
1167 489 1280 554 insolen-

124 599 207 661 tiam
231 597 429 681 principum
460 605 495 664 et
519 599 630 665 minas
657 602 891 681 sacerdotum,
920 599 1096 663 duxerunt
1121 589 1280 659 iterumad

125 699 293 781 scholam,
315 702 467 767 scientes
489 701 578 766 nihil
598 724 702 785 posse
723 704 765 770 ab
787 703 926 768 homine
947 699 1082 764 discere
1101 696 1159 781 qui
1179 716 1215 761 ex
1231 692 1281 758 solo

124 803 189 868 deo
205 803 397 886 perfectam
413 803 558 869 haberet
574 805 767 871 scientiam.
799 806 810 838 ²
828 802 916 870 (lum
932 808 1048 867 autem
1064 799 1165 865 Iesus
1180 795 1284 863 introis·

124 912 178 971 set
199 907 368 987 scholam,
394 905 520 972 ductus
545 908 671 990 spiritu
697 914 817 974 sancto
844 906 982 989 accepit
1001 903 1130 969 librum
1151 900 1192 965 de
1210 918 1285 965 manu

123 1008 293 1074 didascali
304 1010 463 1075 docentis
479 1010 601 1094 legem,
620 1016 655 1075 ot
665 1017 790 1076 cuncto
807 1010 937 1094 populo
948 1007 1088 1073 vidente
1104 1011 1140 1070 et
1154 1003 1284 1070 audiente

123 1114 240 1196 coepit
255 1112 388 1196 legere,
412 1135 481 1178 non
499 1114 639 1196 quidem
656 1135 745 1197 quae
763 1114 894 1196 scripta
910 1114 1011 1177 erant
1028 1109 1064 1172 in
1081 1107 1171 1173 libro
1188 1125 1285 1182 eorum,

123 1215 183 1282 sed
206 1216 242 1279 in
265 1217 392 1299 spiritu
415 1215 471 1280 dei
491 1216 557 1280 vivi
577 1217 804 1301 loquebatur,
825 1222 992 1298 tanquam
1013 1211 1043 1276 si
1066 1210 1109 1276 de
1132 1209 1285 1276 fontevivo

122 1326 260 1385 torrens
277 1340 388 1402 aquae
406 1319 633 1402 egrederetur
648 1326 683 1384 et
699 1321 777 1384 sons
794 1319 920 1402 plenus
938 1335 1075 1399 semper
1089 1314 1286 1397 permaneret

121 1421 169 1486 Et
184 1422 235 1488 ita
250 1423 286 1485 in
302 1423 429 1487 virtute
447 1422 596 1488 docebat
610 1423 778 1506 populum
794 1421 969 1504 magnalia
979 1419 1036 1484 dei
1046 1418 1122 1500 vivi,
1140 1423 1179 1482 ut
1193 1417 1285 1498 etipse

122 1527 288 1610 magister
299 1527 440 1591 caderet
455 1528 629 1591 interram
646 1532 681 1591 et
696 1526 859 1591 attereret
870 1547 956 1591 eum.
983 1522 1052 1588 Cor
1061 1527 1178 1587 autem
1186 1515 1286 1603 populi,

123 1632 183 1713 qui
200 1629 414 1695 consedebat
429 1634 464 1692 et
480 1630 641 1695 audierat
657 1651 735 1693 eum
751 1629 837 1694 talia
853 1627 1041 1709 dicentem,
1062 1645 1197 1691 versum
1211 1619 1286 1685 estin

122 1739 309 1817 stuporem.
328 1731 430 1817 Quod
441 1755 518 1798 curn
529 1733 837 1817 audissetloseph,
850 1732 1021 1799 currendo
1032 1730 1127 1796 venit
1138 1727 1286 1802 adIesum,

122 1839 248 1903 timens
264 1859 307 1902 ne
324 1838 399 1919 ipse
417 1836 617 1901 didascalus
633 1842 837 1902 moreretur.
869 1834 946 1920 Quo
962 1835 1035 1900 viso
1051 1833 1213 1916 magister
1225 1827 1287 1893 dixit

124 1942 169 2006 ei:
201 1940 254 2006 Tu
275 1962 345 2006 non
367 1939 497 2006 dedisti
517 1939 601 2004 mihi
623 1939 834 2025 discipulum
856 1939 917 2004 sed
938 1939 1159 2021 magistrum:
1184 1940 1215 2000 et
1231 1931 1287 2016 quis

122 2044 439 2127 potestverbaeius
452 2042 650 2109 sustinere?
673 2044 773 2109 Tunc
784 2042 1011 2126 adimpletum
1022 2047 1076 2108 est
1087 2038 1287 2124 quoddictuu

124 2155 178 2211 est
196 2167 260 2230 per
275 2147 505 2230 psalmistam:
536 2149 685 2215 Flumen
703 2149 760 2214 dei
782 2149 954 2232 repletum
976 2153 1030 2213 est
1050 2167 1151 2230 aqua.
1180 2135 1287 2209 Parasi

124 2250 237 2314 cibum
258 2250 408 2331 illorum,
426 2250 510 2333 quia
524 2249 575 2316 ita
591 2257 645 2317 est
659 2252 881 2335 praeparatio
899 2251 984 2314 eius

566 2506 686 2573 Onnum
709 2506 874 2571 XXXX.

206 2677 293 2743 Post
317 2677 402 2742 haec
428 2680 587 2762 migravit
614 2679 744 2763 Ioseph
770 2679 851 2744 inde
881 2700 957 2743 cum
977 2677 1093 2742 Maria
1119 2682 1153 2742 et
1172 2673 1242 2738 Iesu
1261 2666 1287 2726 dl

119 2781 280 2846 venirent
297 2781 334 2844 in
355 2780 598 2864 Capharnaum
618 2784 841 2864 maritimam,
865 2787 1010 2867 propter
1027 2780 1192 2845 malitiam
1208 2766 1287 2839 homi·

121 2905 203 2947 uum
226 2882 294 2947 sibi
316 2883 585 2948 aduersantium.
619 2885 667 2949 Et
688 2906 764 2948 cum
785 2885 961 2949 habitaret
985 2883 1088 2949 Iesus
1110 2882 1146 2946 in
1168 2874 1286 2961 Gaphar-

122 3007 241 3067 naum,
269 2990 344 3051 erat
368 2986 404 3050 in
430 2987 570 3051 civitate
597 2988 738 3070 quidam
763 2988 865 3053 homo
890 2987 1030 3052 nomine
1053 2983 1195 3068 Ioseph,
1217 2977 1286 3043 dilds

120 3087 231 3152 ualde.
263 3086 333 3153 Sed
355 3088 558 3153 infirmitate
577 3111 639 3155 sua
656 3091 821 3157 deficiens
844 3096 1001 3157 mortuus
1022 3094 1091 3170 est,
1113 3095 1149 3152 et
1163 3085 1286 3151 mortudls
1328 3164 1330 3169 Ι

121 3190 157 3253 in
169 3190 314 3271 grabato
331 3191 479 3256 iacebat.
505 3190 592 3256 Cum
608 3197 724 3257 autem
741 3192 1010 3259 audissetIesus
1027 3193 1064 3256 in
1075 3180 1287 3268 civitateplau·

121 3297 243 3374 gentes
261 3299 296 3357 et
310 3292 434 3357 flentes
452 3298 487 3359 et
502 3293 679 3360 ululantes
696 3316 801 3378 super
816 3302 1000 3376 mortuum,
1019 3293 1108 3359 dixit
1122 3291 1165 3357 ad
1175 3277 1286 3363 loseplr

122 3392 237 3477 Quare
254 3394 347 3477 huic,
363 3416 440 3460 cum
456 3398 596 3462 nomine
613 3404 673 3463 tuo
690 3405 843 3480 vocetur,
864 3403 945 3463 tuae
963 3399 1096 3481 gratiae
1113 3386 1287 3460 beneficium

122 3518 190 3561 non
208 3496 390 3579 praestas?
425 3497 491 3564 Cui
507 3500 690 3583 respondit
705 3499 850 3584 Ioseph:
884 3500 981 3585 Quae
1004 3506 1057 3566 est
1072 3502 1220 3583 potestas
1232 3498 1288 3553 mel

120 3636 182 3645 ..n-.-
201 3640 234 3645 ,...
255 3640 335 3647 ...-

190 3708 213 3753 2.
232 3705 272 3754 Ad
291 3707 403 3755 alteram
423 3708 520 3771 capitis
539 3711 644 3771 partem
662 3711 697 3758 cf.
717 3725 784 3773 quae
803 3709 837 3758 ad
857 3718 939 3773 caput
951 3708 1045 3759 XXXI.
1065 3724 1097 3758 ex
1109 3721 1126 3756 u
1140 3696 1288 3758 nunaunt

190 3792 325 3839 audiena:
338 3793 377 3841 ita
390 3808 421 3842 ex
435 3794 624 3845 emendatione
638 3797 666 3844 in
680 3795 773 3846 codice
786 3797 887 3861 legitur
900 3811 947 3859 pro
960 3795 1088 3844 audiebat.

190 3875 314 3925 codicem
326 3889 345 3924 1)
359 3881 480 3941 praestat
498 3895 558 3928 cnm
577 3880 616 3929 eie
630 3895 789 3945 componere
802 3897 870 3944 qnae
887 3881 1057 3945 evangelium
1071 3883 1187 3929 nostrum
1199 3870 1290 3924 Thomff

120 3963 248 4011 Latinum
261 3963 351 4024 cupite
363 3962 437 4012 XIII.
450 3965 569 4027 praebet.
1273 4028 1278 4037 Ι

189 4046 291 4096 xxxid.
310 4047 383 4105 Quae
402 4064 461 4096 cum
479 4050 529 4098 hoe
548 4052 638 4115 capite
657 4051 758 4100 codicis
776 4065 793 4099 Δ
811 4052 978 4101 conveniunt
995 4051 1024 4099 in
1042 4039 1296 4107 vendicationem

121 4133 226 4182 modum
240 4139 394 4194 comparata
407 4142 483 4183 suut:

191 4218 249 4266 Cum
260 4217 389 4266 habitaret
402 4217 601 4280 (desiderantur
614 4223 697 4287 igitur
710 4237 778 4285 <puae
796 4223 829 4271 ab
843 4223 923 4271 initio
938 4220 1076 4285 leguntur)
1089 4206 1303 4285 panum-01⁶*

121 4320 175 4352 cam
188 4303 340 4368 parentibus
357 4305 410 4352 saie
428 4305 455 4351 in
469 4305 661 4368 Capheream,
680 4312 738 4357 erat
757 4307 783 4357 in
796 4308 901 4356 ciuitate
913 4307 1016 4370 quidum
1027 4308 1098 4355 domo
1111 4307 1205 4355 nomiae
1217 4279 1310 4352 Iolffl'

119 4391 190 4438 diues
201 4389 285 4446 ualde,
298 4388 342 4451 qul
353 4389 380 4437 in
392 4390 540 4455 infirmitate
552 4409 599 4441 auu
611 4392 706 4455 (codex
720 4397 798 4442 -tuter
810 4394 908 4441 omisso
920 4390 979 4453 suu)
991 4391 1111 4457 deficiens
1123 4395 1232 4440 mortuus
1241 4377 1274 4433 ert
1289 4360 1315 4409 ‘l

120 4476 147 4524 ire
156 4475 267 4538 probato
281 4475 388 4525 iacebat.
414 4476 472 4524 Cum
490 4477 665 4529 audieretIee.
684 4480 709 4527 iu
722 4503 731 4515 ·
746 4478 792 4527 cui
804 4478 896 4541 Ioseph
910 4477 962 4526 ait:
991 4476 1062 4539 Quae
1079 4477 1139 4525 mihi
1151 4480 1262 4538 pomam
1277 4443 1321 4499 με
