2880 5062
117 351 184 396 vm
576 335 849 388 Protheonem.

121 485 214 568 alius,
236 507 341 569 neque
364 486 392 551 is
414 486 547 551 minoris
571 487 794 582 aestimandus
814 494 877 554 est:
900 507 1096 570 magnopere
1116 487 1204 552 enim
1222 486 1312 552 adiu·

120 603 200 662 rant
217 596 410 682 indagantes
429 598 658 664 canonicorum
676 600 922 683 evangeliorum
940 599 1095 679 rationes,
1118 597 1312 681 quibuscum

121 722 194 774 eam
208 707 330 773 habent
347 709 619 776 necessitudinem
634 717 672 775 ut
687 717 846 796 quantam
868 709 927 776 illa
941 711 976 775 in
990 710 1064 793 ipsa
1079 710 1196 775 ultima
1210 710 1317 774 eccle·

121 821 189 886 siae
209 819 408 903 antiquitate
423 823 656 887 auctoritatem
671 823 847 888 habuerint
867 821 1051 904 ostendant,
1072 826 1315 904 praetereaque

122 938 156 997 et
178 952 359 997 sermonem
378 953 443 1015 quo
466 933 590 1016 scripta
611 940 688 998 sunt
711 940 745 999 et
766 954 820 999 res
839 955 921 1016 quas
943 932 1078 998 tradmrt
1099 937 1132 997 et
1154 931 1318 1014 interpre-

120 1043 263 1108 tationes
286 1064 369 1127 quas
391 1042 562 1109 subierunt
584 1044 759 1110 illustrent.

197 1155 270 1241 ,Sed
293 1157 332 1222 de
354 1155 406 1220 his
428 1177 515 1220 nunc
541 1177 606 1221 non
634 1164 685 1221 est
711 1157 906 1239 explicatius
929 1154 1117 1234 dicendum;
1144 1155 1211 1219 iam
1240 1153 1319 1219 ieci-

121 1289 193 1333 mus
215 1267 250 1333 id
273 1267 405 1350 quidem
427 1265 539 1354 libello
563 1288 667 1351 nuper
689 1267 777 1351 apud
794 1267 956 1351 Haganos
978 1266 1148 1349 publicato
1159 1266 1193 1348 ¹),
1217 1287 1318 1348 quem

121 1378 177 1444 ubi
199 1379 341 1461 primum
362 1399 423 1460 per
445 1378 547 1443 otium
569 1378 701 1444 licuerit
723 1380 909 1444 accuratius
936 1382 1086 1460 repetere
1108 1377 1318 1459 propositum

121 1496 179 1554 est.
227 1489 379 1554 Breviter
410 1493 538 1554 tantum
565 1488 627 1554 hoc
655 1490 728 1555 loco
756 1488 967 1554 indicandum
994 1486 1169 1553 ridebatur
1197 1489 1315 1572 quanti

120 1600 278 1666 momenti
311 1606 520 1683 quantaeque
552 1608 637 1665 esset
667 1601 842 1681 utilitatis,
877 1606 991 1666 nostra
1023 1605 1110 1665 certe
1141 1600 1314 1683 sententia,

123 1711 364 1794 evangeliorum
386 1711 652 1795 apocryphorum
674 1711 832 1777 studium:
854 1717 993 1795 propter
1013 1710 1098 1775 hanc
1119 1711 1208 1776 enim
1224 1733 1314 1777 caus·

122 1842 193 1886 sam
221 1828 255 1887 et
280 1821 344 1905 ipsi
372 1823 515 1887 studium
542 1823 742 1888 contulimus
770 1823 812 1889 ad
837 1822 897 1889 hos
923 1822 1024 1889 libros
1052 1822 1204 1889 edendos.
1250 1822 1313 1907 Qui

122 1954 321 2018 quamquam
358 1934 433 1999 inde
470 1934 511 1999 ab
547 1939 659 2000 aetate
695 1934 947 2001 reformatorum
983 1954 1089 2017 usque
1125 1933 1167 1998 ad
1201 1939 1314 1998 nostra

122 2052 273 2128 tempora
301 2044 464 2110 editorum
486 2045 659 2111 doctorum
684 2046 881 2112 industriam
908 2047 999 2111 nacti
1020 2050 1110 2127 sunt,
1137 2051 1250 2110 tamen
1272 2044 1315 2110 ia·

122 2156 184 2222 cile
206 2155 402 2240 intelligitur
424 2161 549 2221 textum
572 2177 686 2223 eorum
708 2157 853 2222 nondum
876 2177 916 2221 ea
938 2155 1173 2240 probabilitate
1197 2155 1314 2222 consti·

122 2271 232 2330 tutum
255 2286 326 2331 esse
343 2287 427 2349 quae
452 2288 492 2332 ex
514 2268 660 2350 antiquis
682 2267 778 2333 libris
798 2289 898 2332 manu
917 2268 1050 2350 scriptis
1064 2267 1191 2333 hauriri
1208 2272 1316 2349 queat

122 2375 207 2442 Sunt
234 2383 344 2442 autem
371 2378 559 2461 apocrypha
587 2379 756 2462 evangelia
778 2379 937 2444 eiusmodi
959 2385 997 2443 ut
1018 2399 1097 2461 prae
1121 2378 1242 2443 ceteris
1266 2399 1318 2443 cu·

122 2508 195 2552 ram
223 2488 372 2554 criticam
399 2495 551 2571 poscant,
578 2511 685 2572 neque
708 2496 798 2556 recte
821 2490 972 2557 adhiberi
993 2490 1122 2573 possint
1143 2490 1208 2554 nisi
1236 2490 1318 2556 anti-

123 2599 237 2680 quiore
260 2605 353 2664 textu
375 2621 395 2664 a
416 2600 654 2665 mutationibus
673 2623 754 2684 quas
776 2603 940 2685 posterior
961 2601 1064 2667 libido
1086 2602 1212 2667 invexit
1233 2601 1319 2666 bene

123 2708 292 2775 distincto:
320 2715 371 2775 tot
399 2710 486 2774 enim
514 2710 574 2776 illa
597 2711 728 2794 quidem
757 2712 930 2777 subierunt
959 2733 1068 2794 casus,
1096 2716 1147 2777 tot
1173 2718 1208 2777 et
1235 2710 1319 2777 tales

122 2821 331 2886 recensiones
355 2826 503 2904 experta·
513 2827 599 2904 sunt,
621 2829 659 2888 ut
681 2822 763 2887 nihil
781 2822 886 2888 simile
904 2814 1060 2889 accideri²⁸
1080 2824 1114 2887 in
1131 2824 1200 2888 ullo
1218 2823 1319 2888 libro-

123 2953 196 2997 rum
224 2953 406 3012 sacrorum,
437 2952 521 3017 quos
548 2934 747 2999 variantium
775 2933 953 3000 lectionum
979 2956 1099 3019 magna
1125 2935 1157 2998 vi
1184 2933 1319 2999 obrutos

122 3063 194 3108 esse
224 3048 359 3108 constat
404 3042 688 3128 Quemadmodum
716 3050 826 3110 autem
853 3045 959 3110 libelli
981 3046 1038 3128 qui
1064 3045 1128 3110 huc
1150 3045 1319 3128 pertinent

123 3151 245 3217 dudum
274 3152 354 3218 editi
380 3153 512 3221 labores
536 3156 625 3221 circa
645 3161 772 3221 textum
795 3156 927 3222 criticos
949 3157 1138 3238 requirunt,
1164 3157 1213 3220 ita
1242 3163 1319 3222 sunt

122 3263 181 3329 alii
210 3285 283 3329 cum
312 3262 409 3328 editis
437 3264 490 3329 rel
516 3265 657 3331 arctiore
682 3266 736 3331 rel
761 3265 886 3331 laxiore
910 3266 1039 3331 vincqu
1068 3266 1239 3332 coniuncti
1262 3267 1319 3349 qui

122 3375 291 3459 hucusque
313 3375 348 3439 in
371 3374 646 3442 bibliothecarum
668 3377 786 3442 umbra
808 3377 1017 3443 delituerunt.
1059 3377 1134 3443 Hos
1155 3377 1261 3460 igitur
1282 3384 1319 3443 ut

121 3488 264 3569 primum
285 3487 321 3551 in
342 3485 449 3552 lucem
472 3487 662 3571 proferrem,
683 3487 756 3552 illos
777 3495 817 3553 ut
838 3489 994 3554 subsidiis
1013 3489 1107 3554 noris
1123 3488 1248 3554 criticis
1264 3511 1319 3554 ex·

123 3597 265 3662 colerem
293 3604 393 3680 atque
421 3598 644 3680 emendarem,
672 3601 878 3682 propositum
900 3600 980 3664 mihi
1008 3606 1081 3666 erat
1105 3600 1141 3664 in
1168 3600 1319 3682 paranda

122 3708 186 3773 hac
218 3709 463 3791 evangeliorum
496 3711 762 3795 apocryphorum
793 3711 946 3778 editione.
1000 3710 1042 3776 In
1075 3733 1141 3794 qua
1173 3710 1253 3794 quid
1285 3713 1319 3776 in

122 3824 297 3902 utramque
325 3825 453 3903 partem
480 3823 703 3904 praestiterim
725 3821 777 3887 vel
803 3828 973 3888 assecutus
994 3822 1075 3890 mihi
1097 3821 1224 3902 videar,
1250 3823 1319 3887 iam

122 3930 237 4013 paucis
260 3929 434 3995 dicendum
466 3933 537 3998 erit.
591 3933 689 4019 Quod
719 3933 768 3998 ita
796 3934 968 4000 instituam
998 3941 1036 3999 ut
1062 3933 1129 3999 tria
1155 3932 1319 3999 librorum

122 4041 242 4107 horum
260 4042 522 4125 evangelicorum
540 4065 662 4127 genera
680 4044 889 4128 distinguam,
911 4045 1052 4128 quoru'm
1070 4046 1212 4128 primum
1232 4066 1320 4110 com-

209 4230 232 4297 1)
249 4235 291 4284 Dc
308 4234 495 4299 eccnqeltonm
512 4236 710 4301 apocryphorum
725 4238 822 4302 aigae
837 4243 862 4286 et
873 4253 927 4287 m.
958 4236 1073 4302 Scripsit
1089 4235 1117 4289 C.
1130 4237 1319 4288 Tischendori.

122 4317 284 4383 Disquisitio
302 4318 432 4369 historica
450 4318 545 4370 critica
556 4334 634 4384 quam
651 4322 767 4384 praemio
785 4336 864 4370 aureo
880 4319 988 4386 dignam
1006 4322 1113 4371 censuit
1130 4321 1251 4372 Societas
1264 4320 1319 4372 Ha·

122 4418 192 4468 gana
210 4419 258 4468 pro
278 4402 450 4454 defendenda
466 4403 607 4469 Religione
626 4401 788 4481 Christiane.
817 4404 909 4470 Hagno
929 4403 1060 4455 Comitum
1079 4407 1156 4456 1⁸51.
