2880 5062
190 366 253 429 196
352 357 795 415 ΕἾΔΝΕΕΒῙΠῊΝΡΔΝΤΙΑΕ
813 355 1004 408 salmoim.
1035 355 1118 409 xxii.
1137 355 1237 407 xxxl.

189 524 225 583 et
246 513 419 600 quomodo
445 513 481 576 in
507 518 652 594 puteum
677 509 776 573 illum
797 506 1050 587 deturbaverit;
1076 505 1152 571 ficri
1179 528 1252 573 non
1277 513 1384 591 potest

189 621 274 705 quin
297 637 375 684 eum
396 613 586 698 aliquando
609 611 743 697 perdat.
774 611 876 676 Dixit
893 610 947 675 illi
969 609 1055 675 hera
1073 608 1206 676 Maria:
1237 608 1382 676 Deusta

189 723 231 789 ab
254 723 323 787 ista
342 716 545 784 vindicabit.
580 714 720 781 Deinde
744 735 821 779 cum
842 734 968 797 aquam
987 713 1159 779 hanstnra
1179 711 1226 778 ad
1247 718 1382 797 puteum

189 823 326 890 aemula
341 821 588 907 processisset,
610 817 759 903 pedibus
779 817 863 882 fune
880 816 1069 899 implicatis
1084 815 1122 879 in
1137 821 1288 899 puteum
1302 816 1381 882 deci·

191 928 252 993 dit.
275 925 461 994 Venerunt
476 922 617 1008 quidem
633 922 791 988 homines
808 927 848 987 ut
863 941 938 987 eam
956 921 1190 1004 extraherent,
1208 919 1274 987 sed
1289 926 1381 1004 capnt

188 1031 264 1096 eius
282 1034 466 1095 contusum
483 1033 519 1092 et
535 1047 614 1092 ossa
630 1025 743 1091 fracta
758 1026 977 1090 invenerunt.
1004 1022 1064 1090 Sic
1079 1024 1173 1090 mala
1188 1029 1301 1090 morte
1315 1044 1379 1109 per-

188 1134 246 1214 iit,
270 1138 306 1198 et
322 1136 483 1198 eventum
504 1130 541 1194 in
558 1149 600 1195 ca
615 1127 739 1194 habuit
755 1127 887 1193 dictum
902 1127 1008 1193 illud:
1032 1124 1118 1193 Alte
1134 1133 1283 1212 puteum
1295 1123 1378 1192 fode·

189 1241 281 1317 runt,
299 1234 361 1301 sed
378 1232 582 1300 oeciderunt
597 1232 634 1297 in
649 1231 784 1298 foveam
803 1251 906 1315 quam
921 1237 1139 1316 paraverant.

655 1451 776 1520 (iarun
799 1453 926 1520 XXX.

278 1624 363 1692 Alia
382 1626 457 1691 illic
478 1625 605 1691 mulier
626 1626 783 1709 geminos
805 1626 959 1693 habebat
979 1627 1071 1692 filios
1094 1627 1155 1710 qni
1175 1626 1213 1690 in
1235 1624 1373 1690 morbnn

191 1730 404 1812 inciderant,
431 1728 669 1812 defunctoque
695 1728 806 1795 altero
832 1730 923 1796 alter
946 1731 1096 1796 animam
1120 1728 1261 1812 agebat:
1288 1746 1372 1812 qncn

192 1833 369 1900 sublatum
389 1838 501 1898 mater
522 1831 610 1899 flens
634 1831 679 1898 ad
695 1831 869 1898 dominam
891 1832 1009 1899 heram
1025 1831 1175 1898 Mariam
1197 1829 1321 1897 detulit
1336 1834 1370 1909 el,

192 1936 222 2005 Ο
239 1937 381 2003 domina
399 1956 485 2018 mea,
503 1935 632 2019 inquit,
653 1956 753 2019 opem
769 1937 854 2001 mihi
869 1936 924 2002 fer
940 1943 976 2002 et
991 1955 1168 2003 succurre.
1198 1933 1287 2002 Nam
1301 1931 1369 1998 duos

190 2040 298 2106 habui
320 2039 427 2122 filios,
450 2059 597 2124 quorum
619 2039 767 2105 alterum
783 2040 885 2107 modo
903 2040 1065 2124 sepelivi,
1086 2038 1179 2105 alter
1192 2058 1273 2105 vero
1286 2034 1369 2104 morti
1427 2050 1430 2063 ·

191 2145 411 2228 propinquus
428 2148 491 2208 est.
514 2142 606 2210 Vide
624 2143 796 2227 quomodo
808 2143 912 2209 deum
927 2148 1094 2227 rogatura
1109 2148 1146 2209 et
1161 2139 1369 2209 oraturosin.
1428 2170 1430 2179 ·

194 2244 391 2331 (loepitque
409 2245 541 2311 dicere:
574 2244 603 2311 O
621 2247 777 2330 domine,
797 2253 837 2312 tn
859 2268 896 2313 es
914 2247 1066 2313 clemens
1087 2251 1124 2313 et
1137 2245 1328 2312 misericors
1343 2246 1374 2307 ct

192 2349 286 2433 pius:
304 2349 392 2414 duos
407 2348 493 2414 mihi
505 2349 634 2415 dedisti
650 2348 752 2432 filios,
770 2371 918 2435 quorum
934 2350 1083 2416 alterum
1099 2370 1178 2415 cnm
1194 2344 1373 2425 abstuleris,

192 2450 287 2516 huno
302 2449 427 2516 saltem
444 2451 530 2518 mihi
547 2451 718 2536 relinque.
742 2452 869 2537 Itaque
886 2451 1095 2520 heraMaria
1109 2448 1376 2519 fervorcmssotus

193 2554 270 2620 eins
284 2553 504 2637 conspiciens
519 2554 664 2620 miserta
679 2561 734 2620 est
749 2555 824 2620 eius
843 2560 887 2637 et,
903 2555 1013 2638 Pone,
1030 2556 1158 2640 inquit,
1175 2554 1285 2620 filium
1294 2559 1379 2620 tunm

193 2659 230 2723 in
252 2656 345 2721 lecto
367 2656 431 2721 filii
454 2658 520 2721 mei
547 2658 692 2741 eiusque
714 2657 870 2723 vestibus
895 2658 1010 2742 ipsum
1033 2664 1191 2743 contege.
1238 2655 1378 2740 (lunone
1428 2666 1430 2681 '

192 2760 373 2844 posuisset
389 2780 467 2825 eum
483 2761 519 2824 in
536 2759 628 2825 lecto
650 2760 686 2825 in
704 2781 772 2844 quo
790 2759 951 2827 Christus
967 2761 1122 2845 iacebat,
1146 2763 1215 2828 iam
1230 2752 1305 2827 vcro
1318 2757 1381 2821 vita

195 2862 384 2929 defunctus
401 2863 522 2928 oculos
543 2862 732 2946 clauserat,
755 2863 980 2948 simulatque
998 2864 1086 2932 odor
1099 2866 1248 2930 vestium
1263 2856 1377 2929 domini

194 2966 278 3033 Iesu
296 2964 429 3031 Christi
445 2965 545 3030 illum
561 2986 708 3049 puerum
725 2966 883 3051 contigit,
907 2967 1028 3033 oculos
1044 2968 1186 3052 aperuit
1200 2978 1373 3051 magnaque

194 3090 276 3135 voce
301 3075 446 3134 matrem
471 3069 664 3134 inclamans
689 3089 814 3153 panem
838 3070 1001 3153 poposcit
1025 3076 1061 3138 et
1085 3076 1266 3155 acceptum
1288 3063 1369 3134 suxit·

195 3171 294 3237 Tunc
312 3179 425 3237 mater
440 3173 529 3253 eius,
553 3169 583 3238 0
604 3171 745 3238 domina
759 3171 887 3255 Maria,
909 3174 1039 3257 inquit,
1060 3194 1153 3239 nunc
1170 3169 1308 3259 cognovi
1319 3166 1368 3231 vir·

194 3280 306 3340 tutem
327 3274 384 3339 dei
408 3274 445 3339 in
469 3279 504 3339 te
525 3273 698 3357 habitare,
724 3275 812 3341 adeo
837 3282 877 3341 ut
897 3275 991 3342 filius
1011 3282 1094 3341 tuns
1117 3282 1219 3343 sanet
1237 3272 1363 3341 homines
1428 3262 1430 3269 ’

196 3377 354 3444 eiusdem
376 3396 452 3442 cum
479 3377 555 3460 ipso
579 3382 723 3443 naturae
745 3378 951 3462 participes,
976 3384 1162 3462 postquam
1183 3384 1290 3446 vestes
1308 3371 1361 3440 eiu

196 3481 390 3564 attigerint.
422 3479 493 3544 Hic
513 3500 602 3564 puer
623 3485 766 3546 sanatus
788 3481 818 3546 is
840 3482 970 3566 estqui
991 3481 1028 3546 in
1051 3482 1232 3567 evangelio
1246 3473 1361 3547 Bartlo
1422 3558 1430 3585 ε

197 3583 352 3650 lomaeus
368 3589 521 3648 vocatur.

649 3751 770 3821 Oscor
792 3754 938 3821 XXXI.

282 3925 370 3990 Erat
399 3945 503 4008 porro
534 3925 584 3990 ibi
615 3925 742 3991 mulier
765 3926 917 4010 leprosa,
950 3949 1039 4012 quae
1071 3928 1194 3995 adiens
1220 3924 1358 3993 domium

197 4029 316 4094 heram
331 4027 479 4093 Mariam
498 4034 643 4094 matrem
660 4028 743 4094 Iesu
763 4028 866 4095 dixit:
899 4029 1054 4096 Domina
1074 4052 1165 4114 mea,
1187 4051 1282 4117 opem
1298 4013 1359 4091 nihi

267 4239 329 4287 Alie
337 4241 585 4303 puteumfoderunt:
597 4241 637 4290 itu
648 4237 691 4290 1⁸¹1.
704 4254 752 4304 pro
764 4240 1004 4306 Peleamfodmmt
1015 4246 1041 4292 ot
1052 4241 1106 4292 alh
1117 4244 1216 4293 hm
1225 4228 1348 4307 W

266 4324 345 4373 XXX.
363 4326 414 4373 iam
427 4328 509 4373 autem
518 4327 572 4375 nitu
583 4326 718 4391 defructu
729 4325 816 4376 oculor
827 4327 973 4377 camec.-
985 4330 1024 4379 ite
1036 4329 1076 4381 el.
1088 4345 1136 4394 pro
1149 4330 1221 4381 uodo
1232 4330 1305 4378 cde!
1314 4302 1368 4369 Α

196 4411 251 4459 eius
270 4411 297 4458 iu
317 4414 447 4459 aeternum
463 4415 558 4461 uectem
576 4411 768 4462 claudebantur.
813 4410 872 4471 Quo
890 4415 950 4465 loco
972 4415 1054 4466 etiam
1071 4415 1186 4469 entim
1201 4415 1278 4468 verbs
1297 4406 1371 4460 Μ’

199 4496 275 4546 davit
286 4496 326 4544 rr.
