2880 5062
185 349 246 414 178
404 349 637 401 EVANGELIUM
655 348 805 400 moues
824 349 994 400 bA'I'lNUM.
1021 349 1092 401 xlv,
1109 348 1167 400 XV.

183 501 317 566 fantem
333 506 432 565 tuum
449 500 493 564 ad
510 499 706 565 docendum
721 499 776 564 vel
792 499 837 567 ad
847 498 1163 584 disciplinandum;
1180 499 1260 582 ipsc
1277 505 1383 565 autem

183 604 293 668 multa
310 603 477 687 gravitate
496 607 532 666 st
547 602 722 686 sapientia
737 602 894 685 repletus
912 608 975 667 est.
998 601 1092 667 Ecce
1103 601 1298 667 nunctolle
1314 622 1381 667 eum

184 728 262 773 cum
279 704 405 790 gaudio
422 707 458 769 in
475 705 615 770 domum
631 710 736 786 tuam,
757 704 876 786 frater,
895 705 979 788 quia
993 704 1144 788 gravitas
1163 722 1270 788 quam
1285 703 1377 771 babet

184 831 205 874 a
221 808 359 874 domino
377 807 460 873 data
480 813 534 872 est
556 807 599 872 ei.
645 809 656 842 ⁴
678 805 765 873 Cum
787 807 947 873 audisset
961 806 1064 873 Iesus
1080 807 1289 890 magistrum
1304 806 1376 873 talia

184 912 369 992 dicentem,
391 910 513 975 hilaris
530 909 645 976 lactus
662 916 717 976 est
738 916 773 975 et
789 910 942 976 dicebat:
974 910 1067 976 Ecce
1084 930 1190 993 nunc,
1211 911 1370 995 magister,

183 1036 262 1080 vere
280 1015 412 1080 dixisti.
437 1014 588 1096 Propter
603 1019 638 1079 te
656 1034 839 1096 resurgere
856 1013 963 1080 habet
979 1014 1039 1097 qui
1057 1020 1132 1080 erat
1147 1019 1313 1080 mortuus.
1332 1012 1369 1079 st

184 1118 268 1183 tulit
284 1138 364 1182 eum
382 1116 511 1201 Ioseph
527 1118 564 1180 in
582 1115 719 1182 domum
737 1138 844 1182 suam.

206 1360 301 1412 Carus*
320 1360 390 1410 XIV.
428 1359 603 1420 QUOMODO
622 1360 722 1411 lasus
742 1359 937 1410 ulssaevss·
955 1358 1061 1411 lacos
1079 1358 1105 1407 A
1122 1357 1345 1441 Psacusslorut

684 1444 887 1496 suapunuls

268 1595 410 1661 Direxit
431 1601 547 1661 autem
563 1595 692 1679 Ioseph
709 1593 816 1661 Iacob
838 1593 882 1659 ad
899 1592 1132 1678 colligendam
1151 1593 1318 1677 stipulam,
1335 1598 1375 1657 et

185 1705 329 1765 secutus
350 1705 403 1764 est
420 1720 498 1763 eum
514 1698 626 1765 Iesus.
658 1698 765 1765 Iacob
782 1704 899 1763 autem
916 1696 1113 1782 colligendo
1130 1696 1298 1782 stipulam,
1310 1715 1378 1760 no·

182 1800 311 1867 mordit
336 1823 414 1866 eum
434 1801 567 1884 vipera,
594 1807 629 1866 et
650 1800 780 1866 cecidit
803 1802 840 1866 in
865 1807 995 1866 terram
1015 1799 1117 1883 quasi
1143 1805 1294 1865 mortuus
1313 1814 1377 1881 per

180 1926 363 1970 vencnum.
410 1902 567 1988 Cumque
592 1904 679 1970 talia
702 1903 849 1969 vidisset
872 1903 990 1985 Iesus,
1016 1902 1165 1968 sufflavit
1188 1903 1224 1967 in
1249 1901 1379 1985 plagam

183 2008 274 2088 eius,
300 2014 335 2072 et
357 2003 473 2072 s'ubito
498 2028 604 2072 sanus
625 2007 739 2072 factus
764 2013 817 2072 est
832 2005 956 2089 Iacob,
979 2012 1015 2071 et
1029 2005 1149 2089 vipera
1168 2004 1381 2070 mortuaest.

313 2250 406 2301 Carur
426 2251 481 2300 XV.
517 2249 692 2311 QUOMODO
712 2250 812 2301 lasus
833 2207 1085 2300 RESUSCleVlT
1104 2249 1258 2300 PUERUM.

271 2416 385 2483 ¹P0st
403 2437 533 2501 paucos
557 2417 632 2482 dies
654 2416 772 2481 iulans
793 2416 928 2481 vicinus
953 2417 1028 2481 eius
1051 2415 1240 2481 defunctus
1261 2419 1320 2495 est,
1339 2412 1384 2474 et

184 2518 392 2603 deplorabat
408 2541 486 2585 eum
501 2525 613 2585 mater
629 2521 704 2585 eius
720 2519 832 2584 valde.
863 2518 1026 2586 Audiens
1043 2518 1110 2584 hoc
1126 2518 1230 2585 Iesus
1249 2517 1328 2584 abiit
1343 2510 1385 2576 ct

184 2622 284 2687 stetit
300 2643 406 2705 super
421 2642 579 2706 puerum,
597 2627 633 2687 et
648 2621 801 2706 pulsavit
817 2623 852 2686 in
870 2627 1013 2705 pectore
1031 2622 1107 2687 eius
1125 2627 1162 2686 et
1178 2621 1279 2688 dixit:
1301 2608 1383 2684 ribi

184 2725 277 2807 dico,
304 2724 435 2809 infans,
462 2725 535 2791 noli
557 2725 644 2790 mori
667 2724 728 2790 sed
750 2727 834 2790 vive.
876 2725 924 2790 Et
946 2726 1064 2790 statim
1086 2726 1240 2791 surrexit
1258 2722 1382 2789 infans·

183 3003 223 3054 Cf.
236 3006 266 3054 ll.
280 3004 409 3069 geminos.
435 3016 454 3052 1>
467 3004 505 3052 sic
518 3004 622 3068 pergite
646 3003 753 3067 Oraaqae
765 3004 809 3050 ber
821 3004 935 3051 audisset
947 3002 1000 3052 Ior.
1015 3003 1114 3058 timuitr
1132 3007 1159 3052 et
1170 3000 1379 3053 marm

181 3091 249 3140 dixit
267 3091 301 3138 ad
314 3105 368 3138 eam
379 3089 502 3152 mcpirter
514 3088 575 3136 ille:
600 3088 641 3136 Se.
647 3089 690 3152 fr.
704 3089 765 3152 qaia
781 3104 825 3151 epo
838 3089 923 3150 recepi
939 3089 1014 3137 irtam
1033 3088 1067 3136 ad
1080 3089 1227 3138 diruendam
1238 3086 1310 3150 (sic),
1324 3084 1379 3146 ip!

182 3179 265 3224 autem
283 3174 366 3224 multa
381 3175 472 3238 qratia
490 3178 515 3222 et
532 3189 587 3237 rap.
604 3174 670 3238 rrpl.
688 3177 725 3222 erl
742 3199 751 3210 ·
762 3173 869 3238 frater,
888 3175 914 3222 r'rr
927 3174 1025 3223 domam
1037 3178 1121 3232 tuam,
1141 3175 1203 3239 qaia
1210 3173 1378 3238 qratiam*

181 3261 256 3309 tabet
275 3261 476 3310 adeodatam
494 3259 545 3311 illi.
569 3260 688 3323 Apparet
707 3259 736 3308 in
750 3259 792 3307 hie
806 3258 907 3309 rectius
916 3261 1008 3322 pratia
1020 3260 1075 3325 legi
1089 3275 1168 3324 quam
1188 3260 1216 3309 in
1230 3259 1287 3308 Vat.
1295 3245 1376 3321 Μ

184 3348 238 3393 tate
251 3348 279 3393 et
289 3347 416 3408 praeitor.

252 3433 277 3479 4.
296 3445 315 3480 1)
325 3448 330 3476 :
353 3430 412 3478 Cam
423 3433 507 3478 artem
520 3454 528 3464 ·
534 3430 628 3492 saetas
639 3429 754 3478 dicebat.-
773 3429 841 3477 Ecce
854 3445 919 3477 aare
931 3444 1016 3478 veram
1027 3429 1127 3479 deiri.
1151 3432 1205 3480 Per·
1217 3436 1241 3481 tr
1252 3445 1298 3479 rer.
1307 3415 1377 3476 W

182 3517 225 3580 qai
237 3520 312 3565 mori.
317 3517 421 3580 fuerat.
449 3514 518 3564 :latit
531 3519 613 3563 caum
626 3515 677 3564 lor.
691 3515 775 3563 Irram
787 3515 813 3563 ia
825 3515 868 3566 do.
880 3530 959 3565 raam.

252 3616 322 3665 xlv.
342 3615 382 3665 Cf.
397 3632 492 3681 evang.
505 3616 597 3665 Thom.
613 3615 705 3666 Graec.
719 3618 749 3664 Δ.
767 3615 837 3664 XVI.
865 3615 935 3665 Item
953 3614 1172 3665 Pseudo-Mattb.
1185 3615 1252 3665 xm.
1280 3614 1310 3664 lu
1319 3608 1375 3661 ΡΝ·

182 3700 242 3751 cod.
255 3702 448 3752 conferendum
462 3708 505 3751 eet
518 3705 600 3765 eaput
611 3701 665 3750 XL·
679 3701 751 3766 quod
763 3701 935 3751 inscribitur:
958 3698 1087 3762 Ουοωοάο
1099 3701 1173 3750 [rear
1184 3701 1284 3751 remit
1293 3683 1377 3753 10¹¹?⁸

185 3802 202 3835 a
213 3802 306 3836 errem
318 3788 429 3850 viperae.
1165 3783 1171 3797 ⁸

250 3886 269 3921 n
280 3873 336 3921 sic:
350 3873 471 3922 Perrexit
483 3877 566 3922 autem
576 3873 668 3937 loseph
680 3873 715 3922 ad
725 3873 893 3936 colliyrralam
905 3871 1036 3944 stipular,
1049 3876 1074 3921 et
1082 3872 1218 3923 momordit
1226 3869 1379 3935 mopere

184 3961 211 4008 rt
222 3958 315 4007 cecidit
326 3958 353 4006 in
366 3962 462 4006 terram
474 3961 548 4021 qaarr'
558 3963 672 4008 mortuas
680 3963 791 4022 propter
803 3974 928 4008 aearama
957 3956 1031 4030 Quod
1043 3975 1097 4008 ram
1109 3959 1224 4009 cadirut
1235 3958 1312 4015 Irrar,
1329 3937 1379 4006 Α·

173 4042 255 4108 flacit
266 4044 293 4092 ia
302 4042 419 4107 plepem,
431 4047 456 4092 et
468 4044 550 4093 rabiio
563 4044 738 4115 occursantur
748 4048 787 4093 ert
799 4044 900 4108 Ioarplt,
913 4048 938 4092 et
949 4044 1039 4106 aiprrra
1049 4048 1153 4094 mortar
1163 4050 1211 4096 ert·

250 4143 307 4203 XV,
325 4147 381 4194 let
393 4147 418 4193 2.
438 4143 478 4194 Cf.
491 4160 585 4209 evang.
598 4145 691 4195 Tlrum.
705 4145 798 4194 Graec.
811 4148 832 4195 Δ
846 4145 932 4196 XVII.
957 4146 1026 4196 Item
1040 4145 1269 4198 Pseudo-Mattb.
1280 4144 1337 4195 xt-
1359 4136 1384 4177 ⁶¹

181 4232 212 4279 B.
237 4230 269 4279 ln
283 4230 342 4279 Par.
361 4229 420 4279 cod.
438 4235 519 4294 caput
530 4230 617 4281 llblI.
634 4231 806 4281 inscribitur:
831 4231 873 4280 Dr
882 4231 945 4297 filio
962 4232 1093 4282 retardare
1109 4233 1225 4283 melioria
1236 4247 1286 4296 prr
1300 4221 1387 4280 Μ*

180 4318 248 4365 ritae
260 4317 370 4365 reddito.
396 4315 484 4364 Verba
503 4322 592 4365 autem
606 4317 783 4375 haechabett
802 4317 866 4366 Part
878 4318 933 4366 dier
951 4318 1032 4380 ipitar
1040 4332 1141 4384 parerer
1156 4317 1245 4384 irascar
1256 4303 1389 4367 W

179 4402 259 4451 ricini
269 4405 383 4450 mortam
394 4404 446 4458 ert,
464 4405 490 4450 et
503 4401 629 4465 plorabat
640 4408 722 4451 mater
739 4403 794 4452 riae
804 4403 880 4452 valde
893 4419 944 4465 pro
962 4419 1000 4453 ro.
1023 4405 1140 4454 Aadirar
1157 4408 1241 4453 arim
1256 4387 1394 4453 arelefi

180 4487 245 4541 abiit
256 4490 282 4536 et
293 4487 366 4536 stetit
378 4501 432 4549 rap.
442 4501 516 4549 parer.
533 4490 558 4535 rt
569 4489 683 4552 σημανῶ
699 4489 727 4538 r'ra
734 4492 840 4551 pretore
857 4489 912 4539 rior
928 4493 954 4539 rt
964 4489 1033 4539 dieat
1051 4515 1060 4527 ·
1078 4490 1119 4540 Et
1129 4490 1272 4541 remora
1287 4475 1397 4552 ruffi*
1434 4476 1436 4489 ¹
