2880 5062
364 370 410 419 nn
430 370 645 420 1111111111
664 369 808 418 unsrun.
837 368 909 418 cnr.
929 365 991 418 vu.
1220 367 1278 429 117

99 542 159 599 ns,
183 541 262 584 nam
289 521 372 602 quia
397 520 565 602 templum
592 525 667 585 erat
691 520 727 582 in
752 523 869 583 monte
897 518 1141 600 constitutum,
1169 519 1279 584 altare

99 622 269 689 ,olocausti
287 621 379 705 quod
400 622 598 688 forinsecus
621 629 697 687 erat
717 622 807 686 adiri
831 621 902 686 nisi
919 621 1085 706 gradibus
1104 621 1280 687 1111111-

99 734 150 791 11.
188 724 258 789 ’11
284 723 408 789 horum
433 726 552 808 itaque
579 746 648 789 uno
674 725 811 790 beatam
833 724 1002 807 virginem
1024 724 1174 789 Mariam
1202 747 1278 808 par·

99 829 186 892 ulam
200 835 365 911 parentes
384 828 655 893 constituerunt.
692 826 850 911 Cumque
874 830 942 912 ipsi
962 829 1172 893 vestimenta
1188 848 1276 911 quae

99 952 122 995 n
138 932 251 997 itinere
270 931 468 998 habuerant
485 938 653 998 exuerent
669 939 705 998 et
722 933 931 998 cultioribus
951 954 993 998 ex
1008 953 1103 997 more
1120 931 1276 996 vestibus

99 1055 126 1098 re
140 1043 168 1099 et
179 1036 421 1101 mundioribus
438 1037 642 1117 induerent,
667 1038 763 1120 virgo
781 1035 913 1101 domini
934 1041 1079 1100 cunctos
1096 1034 1276 1119 sigillatim

99 1137 203 1218 gradus
214 1140 289 1203 sine
302 1137 465 1204 ducentis
486 1146 521 1205 11
531 1139 679 1205 levantis
690 1127 795 1204 manu
813 1141 863 1204 ita
872 1138 1033 1205 ascendit
1048 1137 1275 1222 utperfectae

99 1242 183 1305 aetati
198 1241 232 1305 in
248 1242 315 1305 hac
325 1241 497 1308 duntaxat
513 1263 619 1308 causa
636 1242 724 1307 nihil
742 1243 864 1308 deesse
881 1248 1036 1326 putares.
1059 1241 1134 1306 Iam
1145 1242 1275 1324 qnippe

99 1339 233 1408 dominus
256 1345 292 1407 in
314 1346 459 1428 virginis
482 1366 565 1410 suae
589 1344 741 1410 infantia
763 1368 926 1429 magnum
948 1345 1033 1428 quid
1054 1344 1275 1428 operabatur,

100 1449 250 1528 etqnanta
266 1447 386 1513 futura
405 1455 501 1514 esset
516 1448 620 1513 huius
637 1449 798 1513 miraculi
814 1449 946 1514 indicio
963 1448 1276 1532 praemonstrabat.

100 1545 219 1631 'Igitur
243 1551 416 1617 sacrificio
444 1552 635 1618 secundum
662 1551 954 1618 consuetudinem
984 1552 1073 1635 legis
1099 1551 1275 1617 celebrato

101 1653 126 1711 et
143 1662 210 1720 roto
236 1676 299 1719 suo
328 1655 487 1738 perfecto
512 1657 681 1739 virginem
707 1656 801 1720 inter
826 1660 926 1738 septa
950 1654 1073 1738 templi
1096 1675 1172 1718 curn
1198 1653 1277 1718 aliis

99 1750 263 1835 uirginibus
289 1758 420 1823 ibidem
447 1759 664 1824 educandam
690 1758 911 1839 dimiserunt,
939 1759 1007 1840 ipsi
1031 1778 1112 1822 vero
1139 1756 1277 1822 domum

101 1862 222 1936 regressi
240 1867 332 1924 sunt.

562 2047 683 2115 Curua
706 2048 789 2115 VII.

165 2200 294 2286 ¹Virgo
317 2208 433 2268 autem
450 2202 582 2268 domini
600 2225 677 2268 cum
700 2205 825 2269 aetatis
846 2224 1015 2286 processu
1039 2208 1074 2268 et
1089 2202 1277 2266 virtutibus

99 2300 278 2375 proficiebat
301 2311 336 2369 et
356 2307 454 2372 iuxta
470 2307 687 2389 psalmistam
708 2313 810 2390 pater
832 2312 868 2371 et
888 2313 999 2371 mater
1015 2304 1278 2388 dereliquerant

101 2415 170 2484 tarn,
192 2407 351 2472 dominus
377 2414 494 2474 autem
520 2411 711 2492 assumpsit
733 2430 818 2474 eam.
868 2407 1036 2492 Quotidie
1058 2428 1207 2492 namque
1233 2408 1276 2473 ab

101 2509 206 2587 angelis
216 2511 520 2595 frequentabatur,
538 2513 697 2596 quotidie
709 2512 970 2578 divinavisione
982 2511 1176 2594 fruebatur,
1189 2531 1277 2595 quae

101 2615 299 2679 emanans
317 2617 478 2681 omnibus
490 2616 713 2682 custodiebat
729 2622 765 2681 et
779 2615 882 2682 bonis
900 2616 1061 2680 omnibus
1078 2615 1276 2680 redundare

100 2702 233 2782 faciebat.
257 2717 384 2801 Itaque
402 2719 446 2784 ad
463 2726 625 2802 quartum
643 2719 815 2784 decimum
832 2741 961 2784 annum
978 2739 1090 2802 usque
1107 2719 1276 2802 pervenit,

101 2816 129 2872 lt
146 2835 201 2883 non
219 2821 331 2886 solnm
355 2822 443 2887 nihil
460 2823 502 2887 de
530 2845 571 2888 ea
591 2823 674 2888 mali
696 2822 969 2906 reprehensione
987 2823 1131 2906 dignum
1149 2819 1277 2886 confin-

103 2928 163 2990 1011
182 2931 336 3006 possent,
359 2924 420 2989 sed
444 2931 479 2990 11
498 2926 583 2991 boni
605 2947 725 2990 omnes
749 2927 809 3010 qui
831 2946 906 2991 eam
927 2931 1097 2990 noverant
1116 2924 1220 2988 vitam
1243 2929 1277 2987 et

102 3027 370 3092 conversationem
388 3029 464 3093 cius
481 3028 713 3093 admiratione
731 3028 872 3113 dignam
892 3029 1102 3094 iudicarent.
1147 3026 1276 3091 'Tunc

101 3125 229 3193 l011tiier
246 3130 387 3213 publice
406 3130 640 3196 denuntiabat
656 3137 696 3195 ut
710 3131 879 3215 virgines,
902 3153 990 3214 quae
1012 3133 1049 3196 in
1067 3130 1197 3213 templo
1214 3152 1276 3213 pu-

99 3208 168 3289 blice
178 3233 480 3298 constituebantur
491 3240 526 3299 et
536 3233 602 3299 hoc
616 3235 742 3299 aetatis
754 3240 891 3318 tempus
904 3235 1115 3319 explessent,
1137 3234 1276 3298 domum

99 3332 327 3400 relartarentur
352 3343 387 3400 et
411 3336 545 3419 nuptiis
571 3335 764 3401 secundum
789 3358 919 3403 morem
945 3339 1060 3422 gentis
1087 3342 1123 3401 et
1149 3336 1275 3401 aetatis

99 3433 305 3503 uoluntatem
322 3459 462 3522 operam
475 3439 609 3504 darent.
635 3437 701 3504 Oui
718 3440 883 3505 mandato
901 3463 977 3505 cum
990 3447 1127 3506 ceterae
1144 3458 1275 3521 pronae

99 3554 169 3579 X

171 3576 282 3586 ᾖ..

99 3633 182 3726 mim*
191 3647 331 3708 quindecim
339 3663 390 3708 per
402 3648 516 3712 singulae
524 3650 625 3713 produn
638 3651 792 3698 aseensu‘one‘e
803 3650 904 3712 ninqnlo
918 3649 973 3698 loeo
986 3650 1130 3706 abaciacum
1144 3666 1201 3698 nam
1215 3649 1277 3711 quia

108 3723 160 3770 eui:
174 3728 226 3778 Per.
240 3746 291 3779 om.

147 3813 166 3858 2·
182 3815 239 3865 Par.
258 3817 292 3865 In
303 3818 392 3866 nomm
405 3819 491 3881 itaque
500 3820 628 3883 ‚quoduam
644 3836 707 3868 area
720 3821 844 3885 inferiore
857 3820 956 3869 beatam
968 3821 1085 3870 Mariam
1096 3822 1218 3884 virginem
1226 3836 1275 3881 pa·

99 3892 158 3944 “ite
168 3902 361 3958 constituerunt,
379 3918 482 3967 eamque
499 3905 556 3966 ipsa
569 3906 717 3953 vestimenta
729 3922 793 3968 quae
812 3906 838 3953 in
856 3906 886 3954 it.
899 3907 1024 3956 habuerat
1036 3911 1160 3956 eauernnt
1173 3910 1202 3954 ut
1214 3905 1274 3953 cult.

99 3979 250 4035 ’11111111
264 3991 289 4036 et
302 3988 386 4037 mund.
399 4004 425 4036 se
437 3989 563 4048 indueret,
577 3990 649 4051 sirpo
662 3991 758 4039 domini
770 3995 852 4039 canet.
864 3992 1018 4054 ainyillatu'nn
1031 3998 1083 4042 etc.

145 4068 164 4114 3.
180 4071 350 4119 ducamine
363 4071 421 4120 Par.
434 4074 575 4123 educandis

99 4238 102 4259 Ι
144 4167 193 4230 vn,
213 4176 235 4221 1.
262 4173 531 4233 carnuntum,
551 4180 576 4226 3.
591 4175 595 4243 Ι
611 4177 670 4227 Per.
690 4177 768 4240 Viryo
781 4183 865 4228 autem
877 4180 943 4229 dem.
958 4181 1054 4229 aetatis
1066 4180 1144 4228 etiam
1152 4194 1273 4240 processu

99 4256 152 4302 “lt
168 4254 171 4319 Ι
189 4259 380 4322 dereliquerant
397 4268 428 4309 ut
442 4261 511 4310 Vell.
532 4270 560 4312 et
574 4262 646 4322 Per„
665 4264 742 4312 l'sbr.
757 4268 785 4313 et
797 4264 868 4314 Thil.
881 4265 1057 4329 dereliquerat
1077 4264 1081 4330 l
1101 4265 1161 4314 Per.
1180 4268 1208 4312 ut
1226 4280 1274 4312 non

99 4324 151 4386 'ltu
161 4344 189 4392 de
200 4361 231 4392 ea
242 4344 307 4392 mali
319 4361 387 4407 repr.
401 4348 535 4411 qaisquam
548 4349 617 4411 dique.
632 4350 697 4413 cons.
711 4366 760 4398 non
768 4354 873 4411 possent

141 4427 161 4476 2.
177 4429 235 4479 Par.
254 4432 404 4481 enuntiabat
418 4431 422 4497 l
433 4433 549 4495 publice:
563 4435 623 4484 Per.
637 4450 687 4485 om.
703 4435 778 4499 lPar.
792 4439 817 4484 et
829 4437 924 4484 aetatis
936 4440 1033 4497 ternpus
1044 4435 1190 4497 implessent

140 4513 161 4560 2.
176 4517 199 4564 3.
217 4519 241 4565 4.
263 4514 303 4566 Cf.
317 4515 360 4566 Pe.
371 4518 471 4567 Metth.
486 4518 562 4577 VIII,
576 4522 590 4567 1
605 4535 663 4582 sqq.
