2880 5062
199 345 533 399 Patrono-narrum
552 351 792 401 aversanum.
820 349 895 400 CAP.
915 350 1063 401 XXXVIII.
1084 352 1200 404 XXXIX.
1240 351 1298 413 107

512 549 639 637 'Oscor
662 550 881 618 XXXVIII.

192 665 361 731 ¹Factum
384 675 437 733 est
458 670 612 737 secundo
636 678 674 736 ut
696 671 825 754 loseph
851 677 886 735 ct
907 670 1022 734 Maria
1047 678 1254 753 rogarentur
1281 693 1301 737 a

118 768 230 852 populo
251 775 291 833 ut
306 769 407 834 Iesus
426 771 611 837 doceretur
632 774 760 838 litteris
782 775 818 836 in
836 772 966 837 schola.
1005 770 1106 854 Quod
1128 779 1163 837 et
1184 774 1299 839 facere

120 891 178 935 uon
192 880 412 956 negaverunt,
431 880 466 938 et
482 874 672 940 secundum
689 882 914 959 praeceptum
932 876 1109 941 saniorum
1125 876 1301 941 ducebant

122 973 243 1038 eumad
262 977 467 1059 magistrum
489 986 528 1042 ut
549 978 735 1044 doceretur
755 979 797 1043 ab
823 999 863 1042 eo
888 978 1037 1043 scientia
1057 977 1217 1043 humana.
1254 978 1302 1042 Et

124 1081 190 1140 tunc
212 1080 327 1161 coepit
352 1081 518 1163 magister
548 1083 733 1164 imperiose
768 1103 845 1146 cum
871 1081 995 1145 docere
1022 1080 1186 1146 diceudo:
1232 1081 1301 1145 Dic

125 1176 228 1261 Alphe.
258 1181 361 1247 Iesus
378 1204 456 1247 voro
475 1183 563 1247 dixit
580 1185 626 1249 ei:
653 1184 705 1249 Tu
724 1185 807 1249 mihi
825 1184 881 1248 dic
897 1184 994 1266 prius
1013 1183 1096 1266 quid
1115 1185 1160 1248 sit
1175 1184 1300 1265 Berua,

127 1288 153 1344 et
169 1303 222 1366 ego
239 1284 352 1351 dicam
369 1285 434 1349 tibi
452 1287 535 1369 quid
553 1289 599 1352 sit
614 1287 742 1371 Alpha.
780 1287 828 1351 Et
849 1287 891 1352 ob
916 1286 980 1351 hoc
1003 1287 1169 1369 magister
1189 1287 1300 1351 iratus

127 1389 274 1464 percussit
284 1387 412 1468 Iesum,
431 1394 465 1452 ot
481 1409 559 1453 mox
575 1396 760 1473 postquam
776 1389 952 1473 percussit
969 1409 1047 1452 eum
1063 1395 1220 1454 mortuns
1238 1396 1300 1454 cst.

192 1489 260 1554 'Et
274 1489 377 1555 Iesus
394 1513 552 1556 reversus
570 1493 682 1558 estad
700 1500 844 1558 matrem
862 1513 959 1556 suam
976 1491 1124 1556 domum.
1160 1490 1301 1555 Timeus

129 1596 218 1655 autem
236 1592 365 1676 Ioseph
387 1596 521 1659 vocavit
539 1594 688 1659 Mariam
713 1595 757 1659 ad
783 1616 819 1660 se
846 1601 881 1659 et
902 1593 991 1658 dixit
1016 1595 1062 1658 ei:
1093 1593 1185 1659 Vere
1212 1594 1301 1657 scias

130 1693 192 1771 quia
207 1696 314 1760 tristis
338 1702 392 1760 cst
413 1698 529 1762 anima
544 1720 621 1763 mea
638 1720 747 1781 usque
771 1695 816 1762 ad
831 1702 977 1761 mortem
994 1702 1138 1778 propter
1153 1717 1300 1778 puerum

130 1789 220 1860 istum.
264 1798 362 1864 Fieri
386 1801 478 1864 enim
499 1807 616 1883 potest
640 1799 890 1884 utaliquando
917 1798 1046 1881 aliquis
1067 1798 1243 1880 percutiat
1264 1799 1300 1862 iu

130 1896 235 1964 malitia
249 1922 397 1984 puerum
414 1903 532 1985 istum,
558 1910 591 1968 et
608 1903 785 1967 moriatur.
822 1901 937 1966 Maria
953 1907 1069 1965 autem
1085 1899 1301 1982 respondens

131 1994 207 2064 dixit:
233 2003 297 2070 Vir
313 2004 380 2085 dei,
398 2005 471 2070 noli
489 2006 630 2071 credere
648 2005 741 2089 quod
758 2005 823 2070 hoc
840 2005 916 2068 fieri
931 2005 1054 2087 possit.
1086 2003 1160 2067 Imo
1180 2024 1300 2069 secure

132 2102 209 2166 crede
226 2106 316 2188 quod
334 2108 394 2190 qui
417 2129 495 2171 cum
517 2109 612 2172 misit
632 2109 725 2172 inter
744 2106 903 2171 homines
927 2107 1040 2187 nasci,
1062 2106 1136 2188 ipse
1159 2127 1236 2171 eum
1258 2107 1300 2171 ab

132 2206 261 2363 {mnibus
277 2209 557 2293 malignitatibus
575 2210 752 2276 custodiet
774 2216 809 2275 et
831 2211 867 2274 iu
885 2231 947 2275 suo
964 2210 1104 2275 nomine
1123 2231 1302 2275 conscrva-

148 2302 304 2375 itamalc.

538 2448 658 2516 Onrur
681 2449 866 2515 XXXIX.

199 2566 350 2632 ‘Iterum
373 2576 582 2653 rogaverunt
606 2571 711 2635 tertio
732 2570 881 2634 Mariam
907 2575 942 2634 ct
962 2568 1092 2652 Ioseph
1115 2568 1239 2633 Iudaei
1265 2576 1304 2634 ut

134 2657 165 2722 bl
177 2666 268 2733 alium
285 2673 489 2756 magistrum
506 2672 756 2738 blandimentis
777 2674 849 2738 suis
870 2672 1040 2737 ducerent
1059 2671 1103 2735 ad
1122 2670 1304 2735 addiscen-

135 2784 315 2811 χ-

183 2857 317 2912 xxxvln.
337 2865 375 2913 Ex
386 2865 478 2916 codice
489 2879 505 2914 Β
516 2867 567 2915 buc
579 2867 720 2931 pertinent
734 2881 765 2916 es
775 2881 841 2930 quae
853 2866 944 2915 statim
956 2871 1018 2929 post
1027 2865 1143 2915 reditum
1154 2879 1185 2914 ex
1196 2865 1302 2929 Egypto

135 2945 253 3010 {locutus
289 2949 381 2998 Priora
403 2951 441 2998 eis
460 2951 629 3015 respondent
648 2964 714 3016 quae
736 2952 769 3001 ab
788 2952 868 3000 initio
888 2951 984 3015 capitis
1007 2952 1147 3014 sequentis
1167 2951 1302 3013 leguntur,

135 3029 253 3082 marion
264 3036 292 3084 in
306 3042 387 3099 ceput
397 3036 544 3086 XXXVIII.
558 3036 698 3100 quadrant.
719 3038 750 3086 Iu
764 3038 834 3086 hunc
849 3037 920 3086 enim
933 3035 1038 3084 modurn
1052 3036 1090 3084 ibi
1103 3036 1232 3098 scriptum
1246 3040 1301 3084 est:

184 3107 263 3168 ¹Tans
280 3127 440 3170 accesserant
455 3124 489 3170 nd
502 3122 593 3186 Iosepb
609 3123 740 3183 principes
751 3124 910 3171 sacerdotnm
926 3126 952 3171 st
969 3123 1003 3171 ad
1016 3122 1143 3178 Mariam,
1162 3125 1188 3169 et
1199 3137 1303 3185 rapace·

135 3200 219 3251 Weos
228 3211 255 3253 at
263 3222 370 3267 puerum
383 3209 465 3256 Iesum
477 3208 656 3256 blandimentis
667 3208 720 3256 suis
732 3209 768 3256 et’s
779 3210 872 3257 darent
885 3209 919 3256 ad
931 3208 1118 3256 addiscendam.
1149 3206 1217 3255 Tunc
1229 3207 1303 3255 beata

135 3273 201 3333 Μία
210 3294 232 3338 st
240 3292 329 3354 Ioseph
339 3293 489 3342 insolentias
498 3294 657 3342 scandata-nn
666 3298 692 3343 et
701 3294 781 3343 minas
789 3294 932 3356 principum
941 3295 1075 3352 refrenare
1084 3293 1196 3342 nolentes
1205 3290 1303 3356 [codex

134 3362 229 3439 what]
240 3378 366 3426 duxerunt
378 3379 412 3427 ad
424 3379 532 3437 scholas,
545 3380 653 3428 seientes
662 3381 728 3444 qnod
740 3380 805 3428 nibil
812 3380 952 3445 proficeret
964 3384 988 3428 et
1000 3379 1065 3427 nibil
1077 3380 1210 3427 addiscere
1216 3381 1303 3440 posset

134 3445 250 3519 “dionisia
268 3463 311 3511 sed
324 3479 340 3509 a
353 3464 466 3513 sotadeo
480 3465 546 3513 caeli
558 3462 614 3528 [et]
630 3469 716 3513 terras
728 3466 858 3513 scientiam
870 3465 1005 3513 obtinebat.
1031 3464 1100 3526 (Huc
1113 3480 1198 3527 usque
1212 3468 1302 3512 textus

134 3542 233 3608 (Μαι).
246 3548 361 3597 xxxlx.
381 3551 560 3600 conferendus
580 3550 641 3611 est.)
667 3551 726 3598 Cam
744 3554 826 3599 antem
843 3552 967 3599 intrasset
979 3550 1063 3606 Iesus,
1081 3550 1203 3612 mapister
1221 3549 1304 3610 coepit

131 3628 168 3673 Μ
176 3628 278 3682 vidonem
292 3635 320 3697 (t
332 3636 464 3684 iussionem
474 3635 499 3698 Ρ)
512 3637 603 3685 docere
616 3653 669 3684 eam
681 3638 801 3686 dicendo.-
812 3658 815 3662 ·
827 3638 876 3685 Dio
890 3636 980 3698 Alepb.
1006 3637 1079 3685 Iesus
1090 3640 1172 3684 autern
1184 3635 1252 3683 dixit
1263 3635 1302 3682 ei:

133 3698 170 3753 Di‘
178 3716 227 3765 miii
235 3722 294 3783 qnid
306 3722 340 3769 stt
350 3722 424 3778 Beth,
439 3719 521 3786 [tum]
535 3723 618 3771 dicam
631 3723 677 3771 tibi
689 3723 750 3786 qaid
762 3724 796 3771 sit
809 3723 900 3784 Alepb.
922 3723 958 3771 Ob
967 3724 1014 3771 boe
1023 3724 1107 3770 iratas
1117 3721 1237 3784 arianista·
1244 3735 1303 3781 per·

132 3796 291 3861 “initimum
298 3807 389 3855 Iesum.
403 3804 574 3870 [Iesusvero]
584 3823 640 3856 mon
647 3807 774 3871 percussit
782 3808 938 3869 mapistrum,
950 3807 1129 3871 quiconfestim
1138 3810 1302 3855 nncrtaasest.

182 3876 251 3938 'Hac
266 3894 350 3939 antem
358 3892 437 3954 sacto
455 3908 570 3940 resersus
587 3895 626 3940 ast
636 3892 709 3940 lassis
725 3892 759 3940 nd
776 3896 880 3940 matrem
892 3908 963 3940 suain
980 3893 1006 3940 in
1018 3893 1116 3941 domam
1127 3908 1206 3940 suain.
1235 3891 1302 3939 Ibnc

130 3951 199 4026 1⁰¹5st
212 3975 275 4025 dicit
291 3977 325 4025 ad
344 3976 442 4025 beatam
459 3978 587 4025 Mariam.-
616 3972 680 4026 Viro
695 3979 763 4026 scias
781 3978 846 4041 qnod
865 3978 951 4025 anima
969 3995 1024 4027 mea
1041 3978 1125 4027 tristis
1142 3982 1181 4026 sst
1196 3979 1304 4040 propter

126 4052 209 4104 Mn
224 4061 295 4110 istam
314 4064 366 4110 etc.
391 4061 512 4111 Exeunte
529 4063 618 4125 capite
636 4061 670 4111 ad
684 4063 764 4112 verba
780 4062 939 4111 romanabit
957 4079 974 4110 a
985 4062 1052 4112 malo
1072 4062 1193 4112 additum
1214 4065 1257 4111 est
1275 4065 1305 4109 nt

124 4133 251 4193 badam
262 4162 326 4208 opus
337 4163 415 4194 marn.

179 4222 243 4282 Quae
253 4232 296 4281 his
306 4233 405 4281 similia
415 4233 443 4280 in
454 4246 472 4281 n
482 4233 618 4296 leguntur,
632 4233 741 4296 propius
752 4231 885 4282 accedunt
898 4233 932 4282 ad
943 4234 1078 4298 evangelii
1088 4235 1175 4283 nostri
1185 4233 1302 4282 Thomsc

120 4284 197 4359 ¹⁴²5&
209 4324 287 4380 caput
301 4316 370 4374 xn..
383 4317 417 4366 ad
431 4318 502 4381 quod
515 4318 576 4367 ride
590 4334 658 4381 quae
672 4318 700 4367 in
712 4332 730 4366 u
745 4318 880 4367 differunt.

177 4391 288 4460 xxxlx,
307 4405 331 4450 1.
355 4402 395 4450 Ad
414 4403 484 4452 hanc
502 4404 616 4466 priorem
635 4404 734 4467 capitis
748 4409 852 4468 partem
866 4404 902 4453 cf.
916 4419 983 4468 quas
996 4404 1075 4454 modo
1096 4416 1157 4454 exa
1175 4403 1209 4451 ad
1223 4406 1303 4466 caput

113 4451 249 4535 XXXVIII.
263 4488 460 4538 adnotavimus.
