2880 5062
126 348 185 410 192
283 348 515 400 avsuoanmm
533 349 726 400 munnulus
744 350 936 404 sasamon.
962 351 1047 403 xxll.
1066 352 1176 404 xxm

125 499 265 565 domina
275 498 390 563 Maria
406 498 583 564 sublatum
600 498 779 565 dominum
790 500 910 567 Iesum
927 501 1031 568 dorso
1047 502 1137 568 muli
1155 503 1322 586 imposuit

124 608 161 668 et
185 601 279 668 flevit
303 603 381 686 ipsa
404 604 539 686 pariter
563 608 668 687 atque
696 605 862 671 mulieres
887 605 985 688 illae,
1012 612 1048 671 et
1069 605 1157 672 Iesu
1182 603 1319 688 Christo,

123 707 239 790 Heus,
261 708 393 790 inquit,
415 707 462 770 mi
485 706 550 788 fili,
573 728 658 772 sana
673 707 768 772 hunc
784 708 914 773 mulum
938 708 1065 773 eximia
1081 713 1146 773 tua
1160 709 1316 792 potentia,

124 817 160 876 et
176 811 230 876 fao
247 833 325 876 enm
341 810 516 876 hominem
533 811 669 876 ratione
686 811 885 894 praeditum
902 811 1017 894 qualis
1033 816 1142 876 antea
1158 816 1244 878 erat.
1278 810 1315 877 Ut

123 915 209 979 haec
224 937 289 980 vox
310 937 351 979 ex
369 935 427 979 ore
444 913 606 979 dominae
624 913 728 979 herae
745 914 880 980 Mariae
896 915 1043 998 prodiit,
1067 920 1206 981 mutata
1219 914 1312 983 formo

122 1019 190 1082 iste
210 1017 324 1082 mulus
341 1018 443 1082 homo
460 1016 575 1083 factus
593 1022 647 1082 est
668 1017 874 1083 adolescens
896 1018 939 1082 ab
963 1018 1057 1083 omni
1079 1017 1162 1084 labe
1182 1018 1308 1103 integer.

123 1121 222 1185 Tunc
241 1123 316 1204 ipse
338 1141 378 1185 ac
399 1125 510 1185 mater
532 1120 608 1184 eius
631 1126 666 1184 et
686 1140 825 1186 sorores
847 1119 1022 1185 dominam
1042 1120 1166 1186 heram
1180 1120 1309 1189 Manu

123 1223 316 1289 adorarunt
333 1244 374 1288 ac
389 1243 536 1306 puerum
556 1243 662 1306 super
678 1223 794 1306 capita
811 1244 873 1288 sua
890 1223 1020 1288 elatum
1037 1224 1192 1290 osculari
1207 1244 1308 1308 coepe·

123 1333 220 1409 runt,
248 1328 421 1392 dicentes:
458 1327 572 1391 Beata
597 1333 651 1391 est
676 1327 829 1409 genitrix
853 1332 928 1408 tua,
955 1346 975 1392 o
1000 1326 1101 1408 Iesu,
1128 1349 1149 1392 o
1174 1332 1310 1394 senatu

122 1430 259 1510 mnndi3
275 1431 371 1495 beati
388 1437 470 1495 sunt
487 1428 580 1494 oculi
598 1430 658 1512 qui
674 1428 846 1494 felicitate
863 1436 1027 1513 aspectus
1043 1430 1098 1494 tui
1115 1429 1279 1497 fruuntur.

588 1665 709 1734 Cunus
732 1666 860 1733 XXII.

208 1841 385 1906 Dixerunt
400 1859 504 1923 porro
524 1838 646 1905 ambae
663 1859 801 1906 sorores
818 1840 920 1905 matri
937 1860 1037 1904 suae:
1068 1838 1240 1924 Equidem
1252 1839 1300 1905 im·

123 1953 177 2011 ter
197 1952 318 2010 noster
338 1943 468 2009 auxilio
492 1942 625 2008 domini
645 1941 729 2009 Iesu
747 1941 879 2009 Christi
901 1948 937 2008 et
957 1943 1105 2008 salutari
1127 1944 1296 2009 interuentu

122 2049 261 2133 puellae
279 2050 397 2129 istius,
421 2069 510 2132 quae
527 2046 661 2112 Mariae
685 2053 720 2112 et
736 2046 801 2111 filii
824 2047 900 2111 eius
923 2046 1095 2112 indicium
1111 2046 1212 2113 nobis
1226 2045 1294 2124 fecit,

122 2154 158 2217 in
175 2153 359 2217 humanam
376 2152 522 2217 formam
540 2157 678 2217 erectus
696 2158 760 2216 est.
783 2149 888 2216 Nunc
898 2172 978 2217 vero
990 2171 1069 2215 cum
1086 2150 1196 2217 frater
1206 2156 1294 2216 nostor

123 2257 170 2319 sit
180 2254 329 2336 caelebs,
342 2256 505 2320 convenit
514 2260 554 2319 ut
563 2255 717 2338 puellam
727 2254 827 2334 hanc,
838 2252 1004 2318 famulam
1015 2253 1169 2336 illorum,
1180 2259 1292 2337 nuptum

122 2357 191 2440 ipsi
208 2356 339 2421 demus
371 2357 451 2422 Hoc
472 2379 549 2422 cum
571 2357 689 2423 heram
705 2356 855 2421 Mariam
876 2363 1078 2440 rogassent,
1099 2358 1238 2440 ipsaque
1254 2374 1291 2419 su·

124 2459 261 2523 nuisset
280 2458 367 2541 illis,
391 2459 596 2543 splendidas
616 2459 698 2524 huic
715 2460 855 2543 puellae
880 2461 1022 2542 nuptias
1043 2464 1253 2543 paraverunt,
1267 2458 1290 2519 el

122 2582 279 2626 moerore
296 2562 332 2625 in
346 2561 519 2627 laetitiam
534 2561 749 2645 planctuque
766 2562 803 2626 in
817 2562 1012 2644 tripudium
1023 2568 1290 2643 commutatogau·

122 2664 204 2729 dere
222 2664 347 2729 laetari
367 2665 542 2730 exsultare
565 2671 601 2728 et
616 2685 740 2730 canere
759 2671 967 2748 coeperunt,
991 2664 1033 2730 ob
1052 2687 1208 2749 magnam
1220 2659 1288 2729 laeti·

121 2767 205 2832 tiam
217 2767 501 2851 splendidissimo
512 2766 640 2832 vestitu
653 2773 688 2831 et
697 2767 827 2833 mundo
840 2773 993 2833 ornatae.
1018 2767 1159 2835 Deinde
1171 2763 1287 2832 carnim

122 2876 157 2935 et
177 2870 300 2935 laudes
320 2871 470 2935 recitare
494 2891 534 2935 ac
556 2870 673 2935 dicere
698 2876 903 2954 coeperunt:
937 2869 966 2936 Ο
990 2869 1074 2936 Iesu
1095 2871 1146 2936 fili
1166 2864 1285 2943 Daulis,

122 2974 182 3057 qui
204 2994 396 3039 moerorem
419 2976 454 3038 in
478 2973 643 3057 gaudium
664 2978 699 3038 et
720 2974 875 3038 lamenta
895 2974 931 3039 in
952 2973 1126 3040 laetitiam
1142 2967 1285 3040 convertis·

121 3074 401 3159 Manseruntque
432 3076 482 3140 ibi
507 3074 681 3159 Iosephus
706 3081 742 3140 et
765 3075 880 3142 Maria
905 3076 1026 3142 decem
1053 3078 1139 3143 dies.
1182 3066 1283 3140 Deinde

120 3177 271 3262 profecti
289 3185 380 3259 sunt,
403 3179 538 3261 magnis
554 3177 748 3243 honoribus
765 3178 807 3244 ab
825 3178 880 3245 his
898 3178 1099 3245 hominibus
1119 3176 1232 3256 affecti,
1244 3166 1284 3255 qui

120 3280 192 3346 illis
203 3280 455 3363 valedixerunt,
473 3288 509 3347 et
524 3281 782 3347 avaledicendo
794 3289 1015 3349 reuerterunt
1025 3282 1160 3366 flentes,
1175 3276 1282 3347 maxime

120 3384 189 3449 ista
204 3383 333 3468 puella.

576 3606 697 3673 Carnu
720 3607 867 3673 XXIII.

205 3775 300 3841 Hinc
318 3777 466 3862 digressi
484 3799 560 3843 cum
581 3778 618 3843 in
637 3786 766 3844 terram
783 3779 957 3845 desertam
972 3782 1211 3864 pervenissent
1222 3784 1286 3840 eom·

120 3901 187 3964 que
216 3877 412 3945 latrociniis
443 3881 607 3947 infestam
633 3903 709 3947 esse
740 3881 937 3965 audissent,
969 3883 1143 3970 Iosephus
1171 3889 1203 3950 et
1226 3877 1287 3942 110ss

119 3981 234 4047 Maria
259 3983 438 4067 regionem
463 3984 553 4050 hanc
578 3991 685 4051 noctu
710 3986 873 4052 traiicere
899 3987 1110 4071 cogitarunt.
1154 3984 1201 4054 ht
1221 3978 1290 4047 inter

120 4086 273 4152 eundum
299 4106 379 4152 ecce
401 4087 488 4153 duos
514 4089 551 4153 in
571 4089 627 4153 via
651 4088 805 4154 latrones
831 4091 1056 4174 conspiciunt
1077 4092 1247 4161 cubantes,
1267 4070 1293 4135 ei

120 4214 198 4258 cunr
213 4190 286 4256 illis
297 4191 745 4258 multitudinemlatronum
756 4194 816 4277 qui
833 4193 974 4259 illorum
985 4195 1072 4260 socii
1084 4200 1182 4261 erant
1195 4180 1298 4257 itidem

187 4401 271 4451 xxli.
290 4402 403 4453 salutari
414 4405 571 4455 &mentm
587 4406 627 4455 its
639 4405 679 4453 ΕΙ.
693 4419 740 4468 pro
754 4405 933 4464 benedictione,
947 4407 1019 4472 quod
1032 4412 1093 4458 erat
1104 4406 1175 4473 apud
1187 4402 1245 4454 sik·

188 4489 340 4550 tripudium:
353 4490 392 4539 itu
404 4489 460 4550 ma
475 4489 530 4540 sik.
544 4496 664 4543 verterat
675 4492 761 4542 risum
