2880 5062
166 368 252 413 XLIV
632 351 906 402 Pssonueonuun.

167 505 405 587 Fragmentum
435 502 669 568 Parisiense
701 523 741 567 ex
769 501 937 568 Ootelerio
970 508 1003 566 et
1036 499 1190 581 Thilone,
1220 498 1376 567 Vindo-

168 617 342 681 bonense
366 636 405 679 ex
426 612 607 680 Lambecio
631 615 817 680 sumsimus,

252 726 306 791 De
335 727 471 810 singulis
499 725 582 791 locis
609 727 762 809 inprimis
789 726 1028 791 illustravimus
1056 725 1165 789 locum
1191 729 1225 790 et
1247 724 1377 808 gravis-

168 839 286 904 simum
311 845 344 903 et
366 839 614 903 vexatissimum
636 837 698 921 VI,
720 842 750 903 4.
811 902 817 912 ,

253 948 421 1014 'sextum
443 971 588 1032 graece
611 951 641 1015 B
670 950 831 1015 edidimus
858 971 898 1014 ex
921 949 1037 1014 codice
1059 948 1297 1014 monachorum
1321 944 1375 1012 Si-

166 1061 378 1144 naiticorum‚
406 1061 495 1143 apud
522 1081 605 1142 quos
628 1060 706 1126 dum
734 1066 811 1126 ante
839 1061 899 1125 hos
927 1065 1004 1126 octo
1031 1081 1135 1125 annos
1157 1059 1376 1124 versabamur

166 1173 229 1238 hoe
260 1172 465 1257 σύγγραμμα
497 1172 731 1254 descripsimus
743 1173 778 1253 ¹).
828 1171 942 1238 codex
974 1176 1025 1235 est
1056 1171 1268 1251 chartaceus,
1300 1189 1376 1234 sae·

167 1283 233 1349 culi
256 1283 357 1350 XIV.
380 1282 432 1348 vel
454 1281 543 1363 XV.,
566 1283 663 1365 plura
684 1259 733 1347 de⁸
749 1282 782 1349 S.
796 1282 947 1348 Antonio
972 1282 1156 1347 continens·

251 1395 406 1477 Denique
434 1395 534 1460 tertio
563 1395 635 1459 loeo
662 1395 760 1477 primi
792 1393 954 1459 edidimus
986 1391 1240 1476 evangelium
1268 1392 1376 1458 Tho·

166 1528 250 1573 mae
272 1507 444 1572 latinum
467 1527 508 1571 ex
522 1506 686 1573 Vaticano
707 1505 828 1587 codice,
851 1506 1022 1571 notatione
1038 1503 1182 1587 quadam
1196 1505 1376 1588 synoptica

166 1640 207 1684 ex
235 1618 372 1700 reliquis
399 1618 526 1700 graecis
554 1623 587 1682 et
614 1617 727 1683 latinis
755 1617 877 1682 libellis
905 1618 1064 1700 apposita
1111 1616 1186 1701 Quo
1217 1617 1253 1681 in
1283 1616 1373 1681 libro

166 1727 378 1795 memorabile
416 1734 468 1794 est
498 1750 518 1794 a
547 1729 652 1794 latino
687 1729 904 1813 'compilatore
941 1729 993 1794 vel
1028 1730 1210 1810 interprete
1247 1749 1375 1793 nomen

108 1838 112 1853 '
165 1839 313 1906 Thomae
339 1847 378 1904 ut
404 1840 550 1906 auctoris
573 1845 739 1904 servatum
763 1861 843 1905 esse.
888 1838 1083 1906 Cuiusmodi
1104 1839 1252 1905 nendum
1274 1838 1374 1904 inno-

165 1952 231 2018 tuit
246 1957 381 2034 praeter
397 1951 544 2016 codicem
560 1951 691 2034 collegii
706 1950 932 2017 Mertonensis
950 1973 1037 2016 num.
1056 1953 1113 2033 13„
1136 1951 1230 2014 cuius
1245 1951 1374 2015 mentio

166 2064 204 2129 fit
235 2064 269 2129 in
302 2062 453 2146 catalogo
484 2061 644 2129 librorum
675 2083 750 2127 mss.
781 2062 925 2145 Angliae
957 2068 991 2127 et
1019 2061 1207 2127 Hiberniae
1242 2061 1376 2126 tom.L

164 2181 261 2258 parte
283 2176 312 2239 2.
340 2196 413 2257 pag.
439 2176 488 2238 13.
533 2173 600 2241 Sed
621 2174 657 2238 in
679 2175 743 2239 hoc
766 2174 919 2257 catalogo
941 2179 1071 2240 tantum
1101 2173 1135 2238 id
1157 2178 1295 2238 notatur
1319 2196 1375 2239 ex·

166 2291 255 2350 stare
287 2285 333 2348 ibi
364 2285 467 2349 latine
498 2285 684 2368 „Thomam
716 2285 958 2367 Ismaeutame)
991 2285 1032 2350 de
1063 2285 1205 2351 infautia
1235 2283 1375 2351 Christi.

165 2394 320 2478 Imperf.“
364 2394 998 2479 011111180111011.1110111.
1267 2472 1287 2478 „

251 2505 434 2571 Praeterea
461 2506 561 2571 alium
588 2505 730 2571 latinum
753 2506 916 2589 evangelii
938 2506 1085 2572 Thomae
1108 2513 1236 2571 textum
1260 2505 1375 2572 detexi

164 2617 326 2683 latentem
348 2617 382 2680 in
404 2615 493 2681 foliis
515 2617 775 2682 membranaceis
797 2617 1020 2699 palimpsestis
1043 2617 1265 2683 bibliothecae
1286 2617 1375 2684 Cae-

166 2749 279 2794 sareae
301 2727 588 2811 Vindobonensis,
616 2749 702 2810 quae
724 2727 839 2811 tquinti
867 2728 936 2793 fere
964 2728 1089 2793 saeculi
1110 2728 1261 2811 putanda
1285 2737 1376 2796 sunt

166 2838 347 2906 Oculorum
361 2839 549 2904 valetudine
567 2840 705 2905 affectus
726 2860 833 2922 pauca
854 2845 984 2903 tantum
1006 2839 1081 2922 legi,
1103 2840 1160 2904 sed
1176 2840 1376 2923 dignissima

47 3030 52 3048 ὓ
166 2970 251 3032 quae
267 2950 309 3014 ad
325 2971 462 3016 examen
478 2951 641 3034 evangelii
656 2950 805 3016 Thomae
822 2951 976 3015 criticum
992 2950 1220 3016 adhibeantur.
1252 2950 1376 3019 Potest

84 3064 92 3085 '
166 3062 270 3127 exiis
293 3060 393 3144 effici,
417 3061 686 3143 antiquissimum
707 3061 796 3126 hune
817 3061 960 3126 latinum
981 3067 1111 3128 textum
1131 3063 1272 3144 propius
1295 3065 1374 3129 reli·

166 3172 240 3254 quis
271 3173 395 3236 nostris
427 3172 579 3237 omnibus
611 3171 653 3237 ad
684 3178 779 3237 vetus
808 3193 963 3254 graecum
997 3172 1167 3255 exemplar
1203 3174 1376 3241 accedere.

165 3282 251 3351 Sunt
273 3288 384 3348 autem
406 3283 502 3348 haec:

208 3402 243 3476 a)
272 3394 424 3459 Infantes
446 3394 579 3476 plurimi
601 3392 761 3458 ludebant
784 3414 857 3457 eum
881 3415 930 3459 eo.
974 3394 1022 3459 Et
1043 3416 1118 3458 cum
1137 3394 1275 3460 vidisset
1296 3418 1373 3461 eum

274 3506 410 3588 quidam
431 3505 578 3570 Iudaeus
602 3526 675 3569 curn
698 3503 881 3569 infantibus
904 3505 988 3570 haee
1010 3504 1195 3587 facientem,
1218 3509 1373 3588 pervenit

274 3616 315 3679 ad
337 3616 458 3698 Ioseph
480 3621 610 3697 patrem
632 3654 645 3665 ·
659 3654 672 3666 -
694 3614 743 3682 ef.
760 3636 872 3698 evang.
888 3615 1006 3681 Thom.
1028 3636 1147 3698 graece
1170 3615 1205 3680 A
1226 3615 1276 3700 Π,
1292 3620 1321 3682 2.
1344 3622 1372 3684 3.

274 3717 360 3810 rionp
393 3728 430 3789 δὲ
462 3731 511 3789 καὶ
518 3727 637 3845 [ἄλλα
666 3728 786 3791 ωαιδῖα
814 3725 940 3790 ωολλὰ
968 3730 1141 3812 ωαίςομτα
1170 3725 1231 3811 adp
1260 3725 1369 3814 αὐτῷ.

265 3836 362 3920 Ἰδὼμ
393 3839 430 3898 δέ
457 3861 512 3899 vro
536 3838 703 3902 Ἰουδαῖοσ
731 3836 753 3900 <i
783 3839 894 3901 ἑωοῖει
926 3835 1100 3902 <Tincollo
1132 3841 1168 3922 ἐμ
1202 3839 1368 3923 σα88ά1φ

252 4076 275 4140 l)
300 4076 341 4128 ef.
361 4077 562 4127 Rechenschaft
585 4079 653 4129 uber
674 4080 762 4130 maine
784 4079 1051 4130 haudechriftlichen
1071 4079 1186 4129 Studien
1205 4082 1255 4130 auf
1270 4083 1372 4132 meiner

134 4190 146 4219 1
164 4162 447 4214 wissenschaftliehen
460 4162 538 4212 Reise
558 4177 611 4211 von
630 4163 697 4212 1840
711 4163 753 4213 bis
768 4165 844 4214 1844.
862 4163 978 4214 'Wiener
990 4164 1102 4214 Jahrbb.
1116 4163 1191 4213 1846.
1209 4165 1261 4216 Bd.
1275 4165 1368 4216 CXIV.

164 4246 356 4312 Anzeigeblatt
374 4262 434 4311 pag.
446 4246 489 4295 45.

249 4329 273 4396 2)
292 4332 448 4398 Legendum
465 4338 508 4382 est
527 4331 686 4382 Israeliten.
723 4333 763 4383 Cf.
781 4335 854 4383 intra
875 4349 936 4399 pag.
955 4334 1014 4384 158.
1033 4335 1081 4384 sub
1101 4334 1147 4385 IV.
1166 4338 1195 4384 et
1219 4351 1282 4402 pag.
1303 4339 1370 4397 170..

162 4422 210 4472 ubi
228 4420 269 4470 bie
288 4419 359 4469 idem
377 4420 526 4482 scripturae
544 4419 639 4468 vitium
659 4435 689 4469 ax
708 4425 800 4470 nostro
821 4420 916 4471 codiee
934 4421 1123 4472 indicavimus.
