2880 5062
572 371 844 423 nuonnoonuun.
1237 392 1311 441 m

117 520 240 600 ficatio,
275 541 375 604 quam
405 518 504 584 Thilo
538 522 609 586 iure
631 524 778 609 'questus
810 524 876 602 est,
911 542 978 585 non
1008 523 1180 603 probanda
1211 533 1311 609 gustu

116 638 238 714 nostro,
267 631 326 697 sed
352 633 486 697 minime
513 631 754 698 contemnenda
783 637 834 698 est
856 637 1034 715 propterea
1057 635 1146 718 quod
1167 639 1312 720 pertinet

116 744 153 809 ad
180 743 446 827 cognoscendum
472 744 641 827 ingenium
669 749 854 827 temporum
882 766 995 810 eorum
1024 747 1144 830 quibus
1173 747 1312 814 debetur

116 862 210 940 utque
233 856 376 938 placuit,
399 858 467 920 sive
490 856 532 921 ab
554 856 637 938 ipsis
659 857 811 940 profectu
834 857 878 920 sit
899 856 1030 922 Latinis
1053 859 1121 922 sive
1145 880 1185 923 ex
1207 859 1312 925 orien-

116 967 234 1032 talibus
256 968 353 1033 libris
374 967 516 1047 fluxerit,
540 974 574 1032 et
596 967 683 1051 quod
705 967 864 1032 nonnulla
885 968 989 1033 latine
1012 968 1163 1051 supplere
1181 970 1312 1037 videtur

116 1099 196 1161 quae
219 1100 340 1162 graece
363 1079 489 1162 scripte
510 1081 690 1162 perierunt.
726 1078 828 1145 Valet
843 1078 885 1143 id
903 1079 991 1163 quod
1013 1081 1130 1145 ultimo
1153 1082 1226 1146 loco
1244 1083 1312 1147 dixi

116 1192 230 1256 ineas
261 1191 404 1256 maxime
435 1191 565 1256 fabulas
595 1212 680 1274 quae
707 1212 747 1256 ex
779 1192 948 1273 evangelio
971 1190 1118 1258 Thomue
1141 1191 1312 1259 desumtae
1408 1200 1410 1204 ’

116 1303 273 1382 videntur,
296 1303 389 1368 cuius
410 1324 528 1386 graece
551 1302 736 1385 fragmenta
758 1308 889 1368 tantum
913 1309 1098 1386 supersunt.

195 1441 378 1506 Praeterea
405 1440 541 1505 dubium
570 1462 638 1506 non
668 1446 719 1506 est
746 1442 827 1524 quin
849 1440 1033 1507 Vaticanus
1061 1447 1171 1506 textus
1198 1447 1312 1507 noster

118 1551 216 1617 multo
245 1558 393 1635 praestet
415 1551 522 1618 codici
545 1551 697 1618 Thilonis
719 1552 905 1617 Purisiensi
927 1573 986 1634 per
1007 1553 1120 1636 priora
1142 1574 1180 1618 ee
1203 1553 1314 1636 eapite

119 1684 195 1747 queo
224 1665 253 1743 is
284 1664 355 1728 sola
382 1663 499 1729 habet:
530 1664 595 1728 nisi
622 1663 710 1747 quod
738 1662 949 1728 doctissimus
980 1663 1088 1728 editor
1118 1664 1244 1746 passim
1270 1663 1314 1730 le-

120 1775 216 1857 gendo
244 1774 374 1840 videtur
401 1774 505 1840 falsus
534 1796 614 1840 esse.
665 1774 714 1841 of.
738 1775 879 1858 exempli
907 1795 1024 1839 caussa
1053 1795 1123 1857 cap.
1145 1774 1226 1842 VH.
1255 1776 1315 1840 ubi

119 1883 209 1951 Thilo
232 1885 334 1950 habet
356 1889 427 1949 detes
449 1911 469 1950 a
487 1887 570 1968 filiis
592 1887 717 1960 notitiem
747 1907 807 1950 nos
829 1889 902 1949 deut
924 1890 955 1949 in
973 1886 1056 1967 filiis
1084 1887 1200 1950 colitur.
1246 1887 1314 1953 Ibi·

121 1996 185 2062 dem
200 1996 299 2063 Thilo
315 1999 404 2061 Deus
425 2003 561 2062 emtitate
577 2003 681 2082 primo
704 2002 837 2061 omnium
855 2000 1007 2082 probatur
1029 2008 1085 2060 aut
1105 1999 1231 2075 cottion
1253 2020 1313 2064 nos

124 2109 198 2172 Deus
221 2113 252 2173 in
275 2112 412 2173 castitate
433 2110 549 2189 coliate,
573 2120 608 2172 ut
622 2114 726 2194 primo
750 2113 882 2172 omnium
906 2111 1135 2193 comprobatur:
1161 2107 1261 2191 VIII,
1286 2110 1314 2172 3.

123 2217 208 2286 Thilo
234 2221 368 2306 &imque
393 2231 546 2306 eroqasset
570 2221 707 2306 sinqulas
732 2223 777 2283 ad
797 2225 857 2283 tria
880 2220 975 2282 millia
997 2223 1102 2305 virqas
1123 2230 1153 2283 et
1173 2244 1209 2283 ea
1231 2221 1315 2284 nulla

126 2354 217 2396 eurum
239 2336 357 2396 enimset
376 2333 531 2396 columba:
553 2353 614 2397 nos
639 2332 773 2418 Cumque
794 2332 921 2417 eiaqulit
942 2342 1101 2417 ernqmmt,
1125 2343 1154 2395 et
1173 2356 1209 2394 en
1231 2333 1315 2396 nulla

127 2445 201 2527 nirqa
224 2448 331 2507 exiam
352 2444 505 2507 columba:
536 2442 644 2526 VIII,
668 2447 697 2508 4.
728 2442 826 2508 Thilo
848 2443 918 2529 qu
940 2445 1058 2529 quidem
1080 2466 1140 2507 non
1163 2454 1315 2508 contemno

129 2555 292 2619 uoluntatem
316 2557 376 2634 dei,
403 2560 432 2619 ei
452 2578 629 2640 eoqnoeoere
646 2560 761 2640 possim
785 2559 868 2640 quin·
898 2575 958 2620 nos
980 2555 1049 2640 qu
1072 2558 1189 2640 quietem
1211 2557 1315 2619 uolun-

133 2665 203 2728 tatem
223 2669 272 2729 dei
291 2690 352 2730 non
375 2677 539 2746 contemno,
563 2669 616 2729 sed
636 2677 734 2730 custos
756 2671 819 2729 eim
840 2688 891 2729 ero
906 2688 1057 2751 quousque
1078 2667 1134 2729 hoc
1155 2669 1191 2729 de
1212 2668 1315 2730 volun·

133 2783 177 2838 tate
196 2780 240 2841 dei
261 2801 439 2864 coqnosoam
462 2782 544 2864 quio:
570 2776 667 2857 VIII,
684 2781 712 2842 5.
735 2775 833 2841 Thilo
856 2780 946 2861 quasi
966 2779 997 2839 in
1009 2780 1229 2862 fatiqationem
1251 2800 1312 2840 ser·

134 2893 220 2969 monis,
251 2910 311 2954 nos
333 2893 423 2975 quati
452 2893 483 2952 in
503 2893 704 2975 fatiqationis
734 2910 883 2951 sermone:
918 2886 1009 2968 XII,
1036 2889 1064 2950 2.
1097 2886 1193 2951 Thilo
1220 2910 1311 2972 qaam

134 2999 316 3082 oqumsset
335 3003 422 3064 homo
451 3011 598 3074 metuerem
628 3020 802 3085 nosquam
831 3022 898 3062 mum
921 3009 1074 3084 quttaeeet
1098 2999 1207 3084 aliquis
1235 3022 1315 3063 men·

135 3109 204 3173 Hem:
228 3112 313 3192 ΧΠ,
338 3114 366 3175 3.
389 3111 486 3177 Thilo
509 3113 615 3175 melius
636 3120 681 3174 est
700 3115 777 3174 enim
798 3114 891 3174 uitam
914 3121 997 3173 ticam
1021 3114 1167 3195 cottfemio
1184 3113 1315 3194 prodat;
1391 3163 1395 3171 .

135 3231 183 3282 nus
200 3226 301 3287 melius
322 3234 367 3287 eet
385 3227 463 3286 enim
486 3234 521 3287 ut
541 3234 593 3287 tua
616 3225 762 3307 confessio
785 3233 812 3285 te
828 3224 961 3307 prodat:
984 3219 1070 3300 XII,
1088 3224 1117 3285 4.
1139 3219 1238 3285 Thilo
1261 3221 1317 3284 alii

135 3325 250 3399 &cnam
269 3339 475 3414 satientatem,
506 3336 562 3398 alii
583 3358 652 3398 uero
675 3358 733 3419 per
757 3334 871 3397 malam
896 3336 1105 3396 conscientiam
1131 3334 1318 3395 accusabant

136 3456 194 3506 ‘tut
238 3448 326 3510 Tune
348 3445 457 3510 Maria
479 3448 580 3509 videns
597 3447 707 3531 populi
727 3449 924 3530 suspicionem
946 3466 1006 3506 non
1028 3460 1063 3505 'en
1086 3446 1199 3528 inteqro
1212 3445 1316 3528 fuisse
1383 3474 1384 3479 ¹

133 3566 274 3638 antam
297 3594 311 3607 ·
333 3561 476 3644 quoniam
497 3562 596 3620 virum
623 3580 777 3642 nunquam
805 3559 944 3641 aequavi,
976 3557 1030 3618 sed
1058 3577 1110 3617 neo
1141 3577 1316 3639 coqnmcere

138 3652 224 3742 toan
249 3673 321 3754 quia
350 3671 388 3732 ab
416 3672 549 3753 ity‘antia
572 3705 584 3717 ·
607 3672 638 3731 in
660 3669 716 3731 hoc
740 3678 864 3731 mentem
887 3669 1019 3748 definivi,
1049 3676 1079 3728 et
1098 3667 1153 3728 hoc
1175 3668 1228 3728 deo
1251 3689 1314 3729 meo

138 3782 213 3839 ”vtem
229 3783 300 3865 feei
324 3790 360 3842 ut
379 3816 391 3828 ·
413 3783 446 3842 in
467 3802 528 3864 qua
551 3803 597 3841 me
618 3781 735 3863 confido
757 3782 816 3863 ipsi
835 3778 894 3841 soli
913 3781 1011 3840 vivere
1032 3786 1061 3839 et
1086 3780 1145 3863 ipsi
1170 3778 1228 3840 soli
1253 3781 1316 3840 siue

139 3879 217 3968 “liqna
247 3890 412 3976 pollutione
442 3891 587 3975 quamdiu
623 3894 724 3952 vixero
756 3912 957 3973 permanere3
992 3908 1052 3951 nos
1089 3888 1145 3950 alii
1178 3890 1318 3951 dicebant

138 4007 249 4063 tentum
270 4011 300 4065 et
321 4002 565 4076 immaculatam,-
587 4001 644 4064 alii
663 4023 732 4063 vero
754 4001 869 4063 malam
891 4010 921 4063 et
941 4001 1186 4063 contaminatam.
1228 3999 1315 4063 tunc

140 4098 223 4175 Mutia
249 4114 351 4175 videno
377 4135 409 4175 se
436 4117 467 4175 in
495 4116 661 4198 mopicione
685 4112 796 4197 populi
819 4135 880 4175 eme
907 4133 959 4174 nec
981 4133 1011 4173 se
1032 4133 1065 4173 eo
1087 4113 1200 4195 inteqre
1220 4110 1318 4173 videri

136 4230 275 4303 tonum
297 4259 310 4272 ·
332 4227 475 4309 quoniam
496 4227 595 4286 virum
618 4245 773 4307 nunquam
796 4225 937 4308 coqnoui,·
964 4222 1016 4285 sed
1036 4221 1075 4284 ab
1097 4243 1130 4283 eo
1153 4242 1315 4306 coqnoeeor

140 4329 175 4388 ‘¹¹1'
194 4335 227 4395 at
257 4338 391 4420 infantia
413 4371 425 4383 ·
448 4344 571 4397 mentem
600 4358 695 4397 meam
724 4335 835 4399 devovi.
885 4333 929 4396 Et
954 4334 1010 4396 hoe
1036 4334 1089 4395 deo
1120 4354 1184 4395 meo
1213 4341 1314 4394 votum
