2880 5062
577 383 850 435 Pssohlooobsslrea.
1218 401 1318 452 nvn

126 534 274 602 miracula
299 537 445 602 triennio
472 540 550 620 post
577 536 779 618 baptismum
807 534 898 600 edita
923 542 957 601 et
978 537 1216 603 humanitatem
1238 559 1316 603 vcro

124 646 254 728 triginta
280 649 377 714 annis
404 654 481 713 ante
509 647 711 730 baptismum
727 628 919 712 ¹transactis
949 648 1139 714 hominibus
1171 670 1317 732 compro·

122 754 257 842 basset.
301 758 558 843 chrysostomus
586 779 664 824 vero
696 766 730 824 et
757 761 816 841 qui
847 779 923 823 eum
954 767 1087 825 secutus
1115 767 1166 826 est
1188 751 1316 845 Euthy-

120 867 201 934 mius
223 869 415 955 Zigabeuus
438 871 561 936 diserte
583 870 782 952 concedunt,
809 871 977 935 miraculis
999 872 1173 953 eiusmodi,
1201 874 1229 937 si
1252 895 1318 956 qua

117 999 195 1060 puer
224 1001 341 1047 revera
368 981 537 1064 edidisset,
568 982 792 1065 comprobari,
824 1002 883 1064 per
914 983 1058 1065 speciem
1088 988 1218 1049 tantum
1250 1006 1316 1050 non

116 1110 190 1156 voro
222 1114 296 1159 eum
324 1112 462 1175 corpore
491 1093 657 1158 exstitisse
684 1099 784 1176 atque
807 1093 912 1176 egisse
924 1094 959 1175 ¹).
1004 1093 1097 1178 Quae
1121 1093 1316 1178 Chrysosto·

116 1221 184 1266 mus
210 1226 277 1271 non
300 1204 449 1269 dicturus
472 1211 545 1269 erat
565 1205 629 1270 nisi
651 1204 782 1271 fabulas
805 1204 945 1271 Dooetis
972 1212 1122 1287 receptas
1143 1206 1184 1271 de
1206 1208 1315 1289 puori-

116 1311 203 1380 libus
223 1317 302 1382 Iesu
330 1315 498 1381 miraculis
526 1316 608 1382 bene
638 1323 732 1382 notas
756 1316 934 1382 habuisset.
978 1316 1098 1400 Neque
1120 1338 1196 1382 vero
1218 1317 1322 1399 modo¹

118 1423 142 1488 id
162 1427 260 1510 quod
282 1427 380 1494 Iasus
408 1427 516 1493 adhuc
541 1449 602 1511 per
623 1428 785 1493 miracula
807 1428 948 1494 edidisse
971 1429 1006 1492 in
1034 1427 1203 1511 evangelio
1225 1427 1331 1500 Tho-¹

119 1556 185 1602 nae
214 1547 371 1605 narratur
399 1540 441 1605 ad
465 1540 715 1606 sustentandum
738 1539 956 1604 docetismum
983 1539 1138 1605 idoneum
1166 1545 1230 1621 est,
1258 1538 1314 1605 sed

121 1648 217 1714 etiam
245 1653 330 1717 mira
357 1651 581 1734 prodigiorum
609 1658 743 1734 natura,
774 1671 859 1733 quoe
886 1657 1050 1733 spectrum
1076 1652 1188 1734 potius
1216 1672 1315 1733 quam

122 1756 279 1827 bominem
310 1763 431 1846 prodit.
475 1762 553 1827 Huc
584 1762 746 1827 accedunt
775 1762 873 1845 plura
904 1763 1033 1845 singula
1063 1783 1150 1845 quae
1181 1763 1316 1832 Gnosti-

126 1888 191 1935 oum
217 1872 404 1956 etquidem
431 1873 598 1939 Docetam
624 1878 793 1938 auctorem
821 1872 971 1938 suadent.
1013 1873 1071 1938 Ita
1093 1895 1211 1959 graece
1234 1874 1264 1939 B
1286 1874 1314 1939 I.

135 1984 192 2044 loo.
225 1987 285 2069 Xp.
323 1984 629 2069 ἃμαστρεῲόμεμοσ
666 1992 877 2068 cooperando
914 1987 950 2068 ἐμ
988 1984 1094 2049 nubaei
1132 1987 1313 2068 Ναζαρέτε

132 2089 233 2162 ΒΝ.
264 2094 376 2180 Πόθεμ
410 2096 452 2159 τὸ
484 2097 620 2179 ωαιδῖομ
651 2091 757 2160 τοῦτό
790 2098 881 2180 ἑστψ
916 2095 964 2176 (A
991 2096 1172 2181 ἑγεμμήθκ)
1206 2096 1315 2160 ὅωωσ

137 2201 178 2278 (A
205 2205 266 2290 ὅτι)
305 2202 380 2293 ωᾶμ
419 2201 504 2293 ῥῆμα
541 2207 559 2271 ὂ
597 2211 695 2293 λέγει
734 2215 836 2292 ἕργομ
874 2211 1005 2291 γίμεται
1043 2211 1177 2292 ἓτοιμομ
1216 2209 1314 2287 (item

140 2310 236 2401 ΛΝ,
258 2323 284 2384 1.
329 2319 364 2383 A
386 2319 432 2400 V,
461 2321 524 2402 2.):
565 2318 597 2382 Β
618 2318 686 2400 VI,
714 2321 743 2383 2.
788 2319 924 2406 ’Υμεῖσ
961 2318 984 2381 oi
1022 2321 1137 2383 οἴδατε
1172 2323 1313 2404 λέγετε,

143 2424 200 2507 ἐγὼ
223 2431 256 2494 δὲ
283 2433 404 2495 ωλείω
433 2431 526 2515 ὑμῶμ
551 2432 753 2512 ἑωῐσταμαι·
800 2428 871 2514 ωρό
893 2429 959 2514 γὰρ
982 2436 1056 2514 τῶμ
1081 2429 1218 2516 αῑώμωμ
1242 2433 1313 2513 εἰμι’.

144 2540 180 2598 καὶ
203 2545 266 2606 oibu
292 2542 388 2607 ωότε
417 2542 650 2627 ἑγεμμήθησαμ
681 2545 712 2606 oi
738 2546 899 2626 ωατέρεσ
921 2548 994 2626 τῶμ
1018 2546 1186 2626 ωατέρωμ
1210 2541 1313 2626 ῡμῶμ,

144 2651 179 2709 καὶ
204 2655 381 2737 ἑωίσταμαι
412 2653 513 2717 uideo
542 2661 603 2718 ἕτΗ
634 2649 702 2716 ribo
734 2648 831 2732 nomio
863 2652 973 2737 ῡμῶμε
1006 2653 1126 2736 BVI,
1154 2656 1182 2718 3.
1227 2650 1311 2716 ‹iha-

145 2754 200 2824 θῶσ
228 2769 299 2830 cibo
336 2765 431 2830 ωότε
468 2767 602 2828 ἐκτίσθη
641 2764 659 2828 ὂ
695 2765 841 2847 κόσμοσε
878 2765 913 2829 Α
937 2763 1023 2846 VH,
1055 2767 1084 2829 2.
1128 2759 1232 2827 τοῦτο
1269 2763 1311 2827 τὸ

144 2875 212 2937 meib.
242 2877 402 2962 γκγεμτὶσ
433 2876 491 2940 οῦκ
523 2885 614 2952 ἔστι,
652 2871 757 2940 τοῦτο
791 2876 927 2960 obponat
963 2880 1012 2938 καὶ
1045 2871 1113 2959 ωὓρ
1151 2874 1310 2962 baudoni·

144 2978 210 3066 ῖᾶχα
235 2984 340 3052 τοῦτο
371 2986 443 3072 ωρό
473 2983 540 3052 urio
571 2990 799 3069 κοσμόωοιίασ
836 2989 929 3069 ἑστῑμ
966 2989 1240 3071 γεγεμμκμέμομε
1276 2986 1311 3051 Α

143 3083 206 3178 VH,
223 3103 249 3164 4.
280 3097 388 3164 οὓτοσ
410 3103 443 3162 τί
465 3123 561 3163 ωοτε
584 3103 674 3184 μέγα
697 3102 800 3184 ἑστίμ,
826 3096 845 3161 ἢ
869 3097 961 3173 (ledo,
986 3097 1005 3160 ii
1030 3099 1193 3183 ἅγγελοσ
1217 3099 1310 3177 (item

143 3195 236 3292 XVII,
258 3213 321 3293 2.):
352 3210 387 3275 A
410 3209 556 3291 XVIII,
580 3213 609 3274 2.
645 3205 750 3274 τοῦτο
782 3209 824 3273 τὸ
855 3212 990 3294 ωαιδῖομ
1024 3209 1174 3294 οὖράμιὸμ
1207 3212 1310 3294 ἑστιμ.

145 3306 214 3394 Quae
240 3322 391 3404 exempla
421 3322 519 3386 facile
556 3323 669 3404 augeri
701 3327 841 3404 possunt
871 3322 985 3386 multis
1022 3321 1096 3386 aliis
1128 3321 1310 3386 latinorum

144 3423 262 3497 artuum
283 3437 482 3515 nostrorum,
505 3432 567 3497 sed·
583 3434 649 3497 iam
669 3434 751 3498 satis
772 3438 849 3497 sunt
864 3433 1127 3515 adprobandum
1144 3439 1310 3497 auctorem

144 3529 308 3609 brosooum
343 3565 484 3627 eumque
515 3543 688 3609 Docetam.
741 3542 896 3626 Denique
928 3563 1004 3608 vero
1040 3543 1105 3607 huc
1141 3544 1310 3626 pertinent

144 3661 205 3722 quae
230 3662 262 3721 et
293 3677 411 3741 graece
443 3661 477 3721 et
507 3656 610 3721 latine
640 3656 679 3720 de
711 3655 891 3738 allegorica
920 3654 1108 3719 litterarum
1138 3653 1310 3736 alphabeti

145 3764 275 3833 murata
298 3789 318 3832 a
340 3767 421 3833 Iesu
443 3788 545 3850 puero
568 3788 679 3832 coram
701 3766 861 3850 magistro
884 3765 1111 3849 proferuntur,
1134 3772 1309 3848 tantopere

146 3874 324 3901 'g-

205 3944 224 4009 ¹)
241 3949 280 4005 Οἵ.
295 3952 400 4001 Routb:
419 3951 507 4016 Reliq.
521 3967 587 4001 sacr.
601 3950 624 4008 1,
638 3952 695 4000 115.
715 3949 812 4012 (Oxou.
826 3950 904 4013 1814)
922 3950 967 4000 ubi
987 3965 1018 4000 ex
1031 3952 1124 4000 Anast.
1138 3948 1194 3999 Sin.
1204 3948 1308 4013 Hodog.

146 4032 186 4088 e⁸1³·
195 4029 257 4086 1111.
274 4037 341 4086 hooc
360 4035 520 4086 offeruntur:
543 4028 602 4083 τὰσ
620 4028 671 4083 δύο
692 4030 785 4082 αὐτοῦ
804 4030 909 4082 οὐσίασ
927 4030 1124 4083 ἑωιστώσατο
1145 4031 1226 4101 ἡμῖμ·
1249 4027 1307 4100 τέμ
1394 4016 1398 4029 ’

147 4101 183 4172 μὲν
203 4110 325 4168 beorum
348 4107 509 4168 αὐτοῦ’ὁιὰ
526 4116 590 4186 reip
610 4115 744 4184 oupeioep
764 4115 796 4185 ἐμ
815 4113 852 4183 τῇ
871 4114 979 4182 τριετίᾳ
996 4114 1033 4183 τῇ
1055 4112 1129 4185 μετὰ
1147 4113 1183 4166 τὸ
1202 4111 1307 4166 Βὰωτι-

147 4198 198 4255 ‘la
215 4198 264 4270 trip
287 4201 320 4253 δὲ
343 4196 574 4271 ἁμθρωωότκτα
596 4199 688 4252 αὐτοῦ
712 4200 745 4270 ἐμ
767 4204 833 4252 τοῑσ
848 4197 1005 4270 τριάκομτα
1022 4197 1144 4272 χρόμοισ
1161 4205 1228 4253 τοῑσ
1244 4197 1307 4268 ωρὸ

146 4274 184 4326 ³⁰0
197 4283 404 4359 ssuurriouoroo.

206 4369 280 4435 ¹)Ct'.
303 4379 430 4444 Enthym.
452 4377 508 4443 aig.
530 4377 565 4427 od
583 4376 641 4426 Ioh.
659 4379 688 4434 2,
710 4378 750 4426 11.
772 4382 800 4426 ot
819 4375 957 4442 Chrysoot.
980 4377 1071 4427 homil.
1090 4377 1159 4428 XXI.
1178 4377 1257 4441 (XX.)
1278 4384 1306 4427 et

148 4439 217 4504 χχῙῙῘ·
229 4459 331 4525 (¹111.)
351 4463 385 4512 ad
405 4462 518 4512 eundum
536 4463 631 4512 locum.
