2880 5062
123 347 164 409 94
316 345 649 396 resono-usurflnul
668 344 913 396 EVANGELIUM.
942 343 1017 395 cIP.
1037 343 1134 394 XX‘VI.

123 499 306 581 imperium
324 517 432 579 aquas
450 494 602 561 ducebat
617 496 653 558 in
670 495 784 559 laeum
802 501 837 558 et
852 495 979 559 iterum
996 493 1198 559 reducebat.
1224 491 1297 558 Tum

122 623 213 666 unus
238 621 278 665 ex
299 598 495 665 Infantibus
518 598 606 680 illis,
633 597 727 663 filius
749 597 897 680 diaboli,
923 599 1039 663 animo
1060 597 1178 663 invido
1200 596 1298 662 elausit

123 703 239 769 aditus
258 704 317 787 qui
340 702 587 767 ministrabant
607 723 716 784 aquas
740 703 776 766 in
798 701 912 784 lacus,
935 707 970 767 ot
990 701 1116 766 evertit
1131 698 1222 783 quod
1241 719 1298 782 ope

123 814 219 872 ratus
236 807 352 871 fuerat
367 805 480 872 Iesus.
507 806 606 871 Tune
624 806 712 871 dixit
729 806 782 871 illi
799 806 914 872 Iesus:
939 805 1013 873 Vae
1030 805 1108 886 tibi,
1125 804 1177 869 fili
1192 803 1297 885 mortis,

122 909 172 974 fili
191 916 344 975 satanae.
375 908 493 992 Opera
510 932 598 994 quae
616 917 781 994 operatus
799 916 928 975 sumtu
946 905 1122 992 dissipas?
1144 907 1193 973 Et
1207 907 1299 972 statim

122 1015 182 1097 qui
204 1013 270 1079 hoe
292 1013 426 1078 fenerat
447 1020 605 1078 mortuus
630 1019 694 1082 est.
750 1014 760 1047 ¹
782 1012 882 1078 Tune
907 1011 1078 1078 seditiosa
1097 1031 1182 1078 vose
1203 1008 1300 1076 ulans·

120 1117 206 1182 bant
221 1122 386 1200 parentes
403 1120 531 1182 mortui
550 1123 672 1182 eontra
686 1115 834 1182 Mariam
858 1123 893 1181 et
908 1115 1054 1199 Ioseph,
1077 1113 1232 1179 dieentes
1251 1112 1298 1177 eis:

121 1219 235 1284 Filius
257 1226 372 1285 vester
387 1219 569 1284 maledixit
588 1218 697 1283 filium
715 1225 887 1301 nostrum,
910 1223 946 1284 et
961 1224 1119 1284 mortuus
1137 1223 1199 1283 est.
1232 1213 1297 1282 Oun

121 1321 305 1387 audissent
320 1322 450 1405 Ioseph
469 1329 504 1387 et
519 1321 643 1401 Maria,
665 1322 783 1388 statim
799 1325 971 1388 venerunt
987 1320 1031 1386 ad
1047 1320 1168 1386 Iesum
1183 1324 1299 1403 propter

121 1424 331 1490 seditionem
356 1431 540 1508 parentum
566 1426 666 1509 pueri
699 1431 735 1490 et
759 1425 1075 1490 accumulationem
1102 1422 1297 1488 Iudaeorum.

121 1525 190 1594 Sed
207 1527 338 1611 Ioseph
356 1528 443 1593 dixit
464 1535 599 1593 secreto
616 1527 767 1593 Mariae:
798 1528 874 1612 Ego
898 1548 967 1592 non
988 1526 1101 1593 audeo
1122 1525 1177 1591 illi
1193 1525 1297 1601 diaeta

120 1637 157 1695 tu
169 1651 249 1695 vero
267 1652 367 1695 mone
385 1653 464 1696 eum
481 1638 516 1697 et
526 1632 596 1696 dio:
622 1629 738 1716 Quare
757 1632 918 1698 excitasti
935 1630 1037 1697 nobis
1056 1629 1175 1696 odium
1191 1626 1295 1713 populi,

121 1739 157 1799 et
179 1734 392 1799 sustinemus
415 1734 532 1801 odium
556 1734 741 1801 molestum
762 1732 964 1802 hominum?
1001 1733 1050 1798 Et
1075 1754 1153 1797 cum
1173 1732 1297 1797 venisset

120 1842 231 1900 mater
247 1836 290 1901 ad
309 1858 396 1918 eum,
414 1838 561 1922 rogabat
578 1860 655 1905 eum
667 1839 803 1904 dicens:
827 1838 1047 1919 Dominemi,
1066 1831 1296 1920 quidfaeiendo

121 1940 188 2003 iste
206 1939 291 2003 feeit
307 1938 572 2024 utmoreretur?
595 1939 645 2005 At
660 1942 721 2006 ille
734 1941 834 2006 dixit:
859 1940 996 2024 Dignus
1014 1945 1090 2005 erat
1105 1945 1222 2021 morte,
1237 1936 1297 2020 quis

15 2156 21 2167 .
121 2097 190 2161 quiin
202 2099 353 2162 stimnfecit
364 2099 481 2148 urseolus
489 2101 597 2149 ducatus
607 2100 669 2162 (ste)
678 2116 800 2165 perquer
812 2101 882 2162 (cod.
893 2099 967 2164 quas)
979 2101 1010 2148 de
1023 2103 1137 2149 torrente
1150 2099 1184 2148 ad
1195 2094 1297 2159 imperit·

121 2200 191 2232 suum
203 2199 284 2247 aquus
295 2184 403 2233 ducebat
420 2185 446 2232 in
459 2185 532 2234 lucus
549 2190 574 2234 et
593 2188 683 2235 iterum
700 2187 843 2235 reducebat.
877 2186 945 2234 Tune
962 2201 1027 2234 unus
1039 2210 1047 2221 ·
1061 2189 1138 2248 atque
1156 2176 1295 2245 immund

122 2285 193 2332 oper.
212 2273 250 2317 est
261 2269 311 2317 Iee.
339 2268 406 2317 Iisno
418 2271 485 2319 diste
502 2273 525 2319 ei
537 2271 591 2320 Ie..·
619 2271 684 2320 Vere
694 2272 741 2337 fili
759 2276 810 2322 stc.
835 2274 859 2320 2.
880 2271 949 2320 stne
962 2295 970 2306 ·
984 2275 1075 2320 eontra
1087 2270 1139 2320 Ios.
1157 2274 1183 2318 et
1193 2263 1296 2319 Mariti

122 2361 219 2404 eentm:
237 2379 245 2390 ·
255 2356 318 2420 filio
334 2360 421 2405 nostro
434 2382 442 2392 ·
458 2357 517 2405 &sm
535 2363 618 2406 antem
629 2359 676 2407 hoe
687 2359 819 2407 audissent
834 2384 843 2393 -
862 2362 888 2405 et
899 2357 1033 2406 elusimrem
1046 2356 1206 2405 Iudaeorum.
1228 2349 1268 2400 ses
1279 2349 1297 2393 d

121 2441 215 2504 Ioseph
233 2466 241 2478 ·
259 2444 408 2492 sustinemus
424 2443 553 2493 »molestias
568 2446 692 2493 homimem
710 2470 719 2480 ·
738 2449 820 2493 mater
836 2445 890 2492 eius
908 2444 943 2492 ud
959 2459 1014 2491 eum
1033 2467 1041 2478 ·
1058 2442 1128 2491 dizit
1145 2443 1181 2490 ei:
1200 2441 1295 2502 Diem·

121 2530 145 2576 3.
165 2528 284 2591 Royudat
300 2545 360 2592 erqo
376 2545 431 2577 eum
447 2535 528 2578 mater
546 2547 593 2578 sim
610 2531 722 2578 die-ens·
745 2532 771 2578 in
789 2546 841 2579 nos.
871 2533 909 2578 At
926 2555 934 2564 ·
953 2545 1033 2593 opera
1049 2545 1115 2592 quae
1130 2531 1295 2593 spuatur*

124 2614 192 2663 Tum
205 2615 251 2662 ille
264 2617 307 2678 qui
319 2640 327 2651 ·
341 2631 433 2679 aquam
445 2617 552 2665 ducebat
565 2619 590 2665 tn
604 2617 685 2665 loeus.
1340 2604 1342 2617 Ι

191 2699 289 2758 XXVI,
309 2703 333 2750 1.
358 2703 441 2750 nsio:
467 2703 576 2751 Etcum
595 2704 704 2767 quadam
721 2703 763 2751 die
778 2718 843 2765 puer
855 2703 928 2750 Iesus
945 2705 1020 2749 entra
1037 2717 1123 2750 mures
1140 2698 1245 2748 sinitutis
1257 2702 1296 2739 Μ

121 2787 262 2852 insontibus
274 2788 388 2837 ciuitatis
400 2788 472 2837 illius
483 2791 573 2847 exiret,
592 2792 618 2837 in
629 2791 690 2853 ripa
702 2790 782 2836 maris
793 2803 870 2849 super
882 2803 986 2836 menum
1003 2789 1030 2834 in
1042 2786 1129 2844 litore,
1147 2785 1188 2833 udi
1199 2787 1296 2847 aqum*

120 2872 279 2937 confluebant
290 2874 377 2931 rivuli,
390 2875 520 2923 duodecim
533 2876 723 2940 luenssfaeiena
736 2874 770 2922 ud
783 2876 836 2923 eius
848 2873 979 2934 imperium
991 2872 1145 2921 deterrente
1158 2884 1233 2934 aquus
1242 2865 1296 2914 Μ·

120 2959 227 3016 buntur,
245 2961 358 3022 quumvis
375 2976 452 3023 usque
470 2962 504 3009 nd
523 2978 640 3010 summum
656 2960 728 3024 pleni
738 2961 854 3024 fuissent
866 2975 954 3008 eureus
971 2973 1103 3022 aquarum.
1133 2956 1296 3019 Quidampmv

120 3045 190 3098 fitius
201 3046 344 3094 sucerdotis
355 3045 443 3106 templi
459 3047 486 3093 in
499 3062 546 3110 quo
564 3047 635 3096 Mola
647 3048 782 3110 confractu
790 3046 915 3109 suerunt,
933 3045 1040 3092 accessit
1053 3039 1169 3105 [animo]
1181 3038 1265 3089 insidi.
1278 3029 1297 3076 θ’

121 3130 300 3193 nimiosurore
312 3131 399 3178 aditus
411 3132 453 3194 qui
465 3131 646 3179 ministrabant
654 3147 736 3195 aquas
748 3132 774 3179 in
786 3130 866 3187 lasus,
880 3130 1052 3192 quosseeerut
1063 3128 1144 3185 Issus,
1152 3125 1250 3189 pedibu
1258 3114 1297 3166 Μ

121 3215 219 3263 enestit.
244 3216 322 3266 Dixit
334 3219 372 3265 ei.-
393 3218 414 3266 0
425 3217 466 3277 tili
478 3221 594 3273 satanae,
611 3232 692 3264 sennen
704 3217 856 3280 iniquitatis,
871 3215 979 3278 pessime
991 3212 1062 3275 (sie),
1082 3229 1140 3261 vers
1152 3212 1245 3260 radices
1253 3208 1296 3253 Μ

120 3305 195 3349 erunt
207 3303 260 3350 sine
272 3304 388 3360 humore,
406 3305 472 3350 rami
484 3305 522 3352 tui
534 3303 705 3366 nonssrentes
715 3305 841 3367 frustum.
871 3299 1019 3349 Videntidus
1031 3299 1124 3348 ceteris
1132 3295 1196 3360 ρίαν
1206 3295 1247 3344 itis
1255 3299 1296 3338 W

112 3387 206 3449 faetus
223 3392 261 3435 est
278 3392 353 3437 totus.
385 3387 521 3449 (Extrema
540 3389 574 3436 et.
593 3387 627 3436 sd
644 3403 701 3450 esp.
721 3384 858 3448 XXVIII.)
893 3388 917 3434 2.
936 3398 954 3434 Β
971 3385 1073 3449 pergit:
1104 3378 1259 3433 ,somnust
1271 3366 1297 3418 Μ

121 3471 219 3519 beatam
231 3472 346 3520 Mariam
364 3477 389 3521 et
401 3473 492 3534 Ioseph
501 3477 625 3534 parentes
633 3474 709 3535 pueri
720 3473 813 3522 mortui
825 3469 881 3535 [st]
894 3471 1029 3519 dixerunt:
1057 3469 1130 3519 Unde
1145 3472 1183 3518 est
1199 3467 1297 3524 istsW'

121 3560 203 3604 vesus·
216 3560 305 3606 natust
328 3558 511 3622 Manifestusit
524 3575 607 3607 uerum
619 3575 672 3606 esse
684 3558 750 3622 quod
761 3558 839 3612 died,-
844 3558 999 3621 frequenter
1011 3560 1146 3619 antequam
1157 3554 1226 3611 dieii,
1237 3545 1296 3598 αὖθ’

119 3640 215 3700 pietur.
236 3642 377 3692 Maledieit
385 3644 474 3708 filium
486 3649 612 3701 nostrum,
630 3643 685 3708 [et]
705 3649 816 3693 mortuus
832 3648 876 3693 set.
907 3644 978 3692 Unde
990 3643 1053 3693 tolle
1069 3661 1124 3692 eum
1142 3638 1248 3692 ambs}
1261 3639 1298 3678 ⁸⁰¹

123 3726 187 3772 enim
200 3729 309 3787 potestis
325 3732 367 3777 Ite
384 3731 500 3778 habitare
513 3732 638 3780 nobiseum
644 3751 652 3786 ;
672 3735 717 3779 aut
729 3736 797 3779 uerte
808 3731 895 3780 docete
910 3746 965 3778 eum
978 3729 1123 3779 benedicere
1139 3733 1165 3778 st
1181 3742 1227 3777 nos
1240 3713 1298 3771 Νι*

121 3811 214 3858 disere.
232 3815 363 3864 Aet-edens
375 3821 457 3865 autem
466 3818 557 3879 Ioseph
570 3817 603 3865 ad
616 3818 699 3866 Iesum
711 3818 825 3866 monetat
836 3833 890 3865 eum
902 3817 1002 3864 disens:
1026 3815 1060 3864 Ut
1069 3814 1182 3882 quidfiii
1192 3798 1302 3862 minii&

113 3897 205 3959 facist
228 3897 285 3945 Iam
304 3901 376 3948 multi
391 3907 449 3950 sunt
464 3908 555 3951 eontra
572 3920 616 3952 nos
630 3907 740 3966 propter
757 3908 796 3960 te,
814 3908 839 3951 et
855 3919 940 3951 eorum
952 3901 1082 3952 molestias
1093 3903 1243 3952 sustinemus·
1262 3887 1301 3939 ΒΓ

121 3981 223 4041 spondit
236 3983 277 4030 illi
289 3984 375 4033 Iesus:
395 3986 489 4036 Nullus
493 3988 571 4053 filius
583 3990 684 4050 sapiens
696 3989 745 4037 nisi
757 4005 828 4052 quem
840 3989 966 4037 erudierit
973 3992 1052 4050 puter
1063 3989 1126 4045 eius,
1142 3992 1168 4036 et
1179 3975 1305 4047 tulisti*

122 4083 170 4114 non
182 4073 254 4116 nocet
267 4071 315 4117 nisi
328 4072 394 4119 neate
407 4073 545 4135 agentibus.
572 4074 640 4122 Tune
653 4076 801 4138 oonqreyati
811 4079 871 4124 sunt
882 4090 965 4122 omnes
972 4079 1098 4137 parentes
1108 4074 1201 4123 mortui
1212 4075 1236 4120 et
1244 4070 1307 4115 οὐθ’

121 4153 212 4201 subant
229 4155 321 4204 Iesum.
345 4157 437 4221 Ioseph
454 4162 608 4222 perterritus
624 4165 661 4209 est
680 4162 766 4218 nimis,
785 4162 873 4209 timens
892 4161 1026 4208 clamorem
1043 4160 1176 4210 seditionis
1187 4150 1314 4222 pareest*

122 4242 225 4297 mortui,
246 4238 302 4304 [et]
318 4241 386 4290 discit
402 4247 506 4293 sanetae
522 4246 627 4294 Marius
643 4252 739 4296 ses-reto
758 4262 884 4295 sermone.-
907 4245 977 4295 Voce
995 4250 1021 4294 tu
1040 4246 1127 4304 ilium,
1145 4246 1188 4295 die
1203 4242 1242 4292 illi
1254 4227 1320 4301 φῦ

121 4325 191 4373 nobis
203 4327 325 4375 excitauit
336 4327 420 4376 odium
431 4330 530 4392 populi.
556 4331 625 4379 que
642 4337 724 4380 mater
741 4334 794 4381 eius
811 4333 921 4395 renudat
937 4348 991 4380 eum
1002 4332 1101 4381 dicens:
1121 4331 1239 4385 Domine,
1254 4301 1324 4403 βίᾳ

121 4412 168 4460 nn
180 4428 249 4475 puer
259 4414 330 4477 seen
347 4419 376 4463 us
392 4416 534 4464 moriatur?
557 4419 595 4465 m
613 4418 659 4466 un
674 4419 743 4468 assu
761 4420 798 4467 οε.-
816 4419 917 4481 nam
933 4421 1095 4476 massora,
1115 4389 1328 4482 quassanffl*

120 4513 200 4560 opera
211 4515 275 4560 quae
287 4501 444 4563 consueram
456 4506 584 4564 operatus.
610 4501 650 4552 Cf.
664 4505 729 4554 haee
743 4505 824 4554 etism
838 4501 871 4554 s'd
885 4507 967 4567 espnt
979 4502 1073 4552 xxlx.
