2880 5062
337 367 573 418 svaudunum
591 368 784 418 lucrumst
802 367 992 419 nuculeum.
1016 369 1112 420 x.x1.
1266 369 1326 432 185

629 620 750 686 Carus
773 620 820 685 X.

212 789 303 856 Dum
329 812 447 858 secum
472 797 614 874 reputat
638 792 811 876 quomodo
843 792 912 857 iter
942 814 1042 857 suum
1070 793 1328 859 instituendum

147 899 232 975 esset,
248 895 449 978 supervenit
465 895 534 978 ipsi
547 917 658 977 mane,
674 900 861 979 postquam
871 894 1152 980 paullulumviae
1164 896 1327 961 confecit.

141 985 269 1081 Iamque
285 998 593 1082 appropinquabat
613 999 691 1064 urbi
707 1020 868 1083 magnae,
891 999 928 1063 in
945 1019 1014 1082 qua
1029 998 1162 1064 idolum
1180 1006 1255 1066 erat
1271 1001 1327 1065 cui

140 1094 264 1183 reliqua
281 1101 514 1186 Egyptiorum
538 1100 635 1167 idola
660 1109 695 1167 et
719 1103 863 1168 numina
883 1123 1028 1167 munera
1050 1109 1085 1168 et
1104 1110 1184 1169 vota
1209 1103 1329 1169 offere·

135 1191 225 1282 bant;
241 1203 431 1287 aderatque
448 1204 530 1268 huic
547 1203 642 1269 idolo
660 1205 823 1271 sacerdos
841 1205 1043 1271 ministrans
1059 1206 1139 1290 ipsi,
1158 1209 1228 1289 qui,
1246 1229 1329 1290 quo-

133 1299 343 1390 tiescumque
360 1312 501 1373 satanas
519 1327 559 1371 ex
576 1306 670 1373 idolo
687 1308 749 1374 illo
766 1307 988 1390 loquebatur,
1007 1330 1047 1373 ea
1063 1308 1189 1374 incolis
1200 1309 1329 1394 Egypti

128 1408 232 1487 atque
255 1410 438 1495 plagarum
470 1412 545 1475 eius
571 1410 757 1476 referebat.
804 1412 894 1476 Erat
922 1411 1004 1476 huic
1036 1413 1211 1479 sacerdoti
1235 1412 1328 1479 filius

125 1509 290 1597 triennis,
315 1517 358 1581 ab
381 1517 518 1599 aliquot
537 1517 767 1583 daemonibus
790 1516 971 1599 obsessus,
997 1518 1058 1600 qui
1080 1516 1190 1582 multa
1210 1517 1330 1600 loque-

122 1606 231 1683 batur
245 1624 279 1683 et
294 1618 511 1702 proferebat,
537 1626 571 1684 et
589 1642 667 1685 cum
685 1620 903 1703 corriperent
920 1641 999 1685 eum
1015 1619 1219 1702 daemones,
1240 1620 1331 1685 lace·

120 1717 215 1785 ratis
228 1720 384 1787 restibus
401 1723 475 1788 suis
492 1722 607 1787 nudus
624 1722 829 1788 remanebat
849 1729 884 1788 et
899 1723 1058 1788 homines
1078 1723 1256 1807 lapidibus
1273 1744 1331 1806 pe·

116 1817 234 1891 lebat.
276 1826 365 1893 Erat
389 1833 506 1893 autem
527 1829 766 1894 nosocomium
791 1828 885 1894 idolo
912 1829 966 1894 illi
989 1828 1188 1893 dedicatum
1210 1825 1331 1890 inille

116 1921 231 2010 urbe;
250 1930 293 1995 ad
315 1950 419 2013 quam
440 1950 518 1995 cum
539 1931 783 2013 pervenissent
798 1929 971 2014 Iosephus
995 1936 1029 1995 et
1050 1928 1191 1995 domina
1206 1927 1330 2008 Maria,

117 2028 148 2089 ct
182 2029 226 2096 in
249 2033 490 2098 nosocomium
514 2032 610 2098 istud
633 2032 872 2115 divertissent,
897 2032 998 2098 valde
1024 2033 1217 2097 timuerunt
1239 2032 1330 2095 cives

116 2125 222 2214 eius,
245 2141 554 2219 conveneruntque
577 2158 696 2202 omnes
713 2137 890 2221 principes
912 2134 1155 2217 idolorumque
1172 2133 1333 2199 sacerdo·

116 2235 175 2297 tes
191 2238 236 2303 ad
251 2239 384 2305 idolum
395 2239 484 2304 illud
497 2241 599 2323 eique
611 2239 789 2305 dixerunt:
805 2241 1033 2324 Ecquaenam
1044 2244 1098 2304 est
1107 2239 1176 2302 ista
1185 2237 1332 2320 agitatio

119 2337 152 2397 et
181 2343 369 2407 commotio
392 2341 428 2406 in
452 2349 546 2406 terra
567 2347 688 2406 nostra
711 2340 858 2407 oborta?
889 2341 1089 2426 Respondit
1110 2341 1161 2406 eis
1183 2340 1331 2405 idolum:

119 2432 238 2509 Venit
260 2443 328 2509 huc
350 2443 436 2509 deus
463 2444 636 2525 occultus,
664 2444 724 2527 qui
750 2465 870 2509 revera
895 2450 949 2509 est
969 2443 1072 2524 deus3
1097 2464 1212 2526 neque
1237 2442 1332 2506 ullus

124 2534 378 2630 conspector
398 2547 498 2612 illum
519 2546 635 2612 divino
659 2546 756 2612 cultu
778 2546 905 2630 dignus
931 2553 999 2629 est,
1026 2545 1109 2629 quia
1133 2566 1253 2611 reuera
1279 2551 1333 2609 est

125 2636 225 2713 filius
239 2648 309 2714 dei:
328 2670 432 2733 quem
446 2671 523 2714 cum
539 2649 775 2733 persensisset
790 2648 877 2714 haec
892 2655 996 2731 terra,
1015 2649 1227 2714 contremuit
1243 2647 1332 2712 eius-

128 2762 204 2825 que
221 2752 368 2818 adventu
386 2758 558 2820 commota
578 2760 614 2818 et
630 2774 801 2818 concussa
821 2758 890 2834 est,
913 2758 949 2818 et
967 2773 1031 2818 nos
1053 2749 1331 2835 umagnitudiue

128 2855 306 2926 potentiae
329 2857 407 2922 eius
422 2855 522 2922 valde
543 2856 717 2921 timemus.
748 2854 952 2938 Eademque
974 2854 1061 2921 hora
1081 2853 1214 2920 idolum
1236 2850 1332 2917 istud

133 2959 274 3041 00rruit‚
297 2964 333 3023 et
355 2958 398 3024 ad
416 2959 552 3025 ruinam
570 2959 645 3024 eius
663 2979 782 3026 omnes
798 2958 928 3044 Egypti
949 2959 1086 3023 incolae
1103 2957 1235 3039 aliique
1253 2975 1333 3019 con·

135 3066 324 3126 currerunt.

624 3229 745 3297 (lusor
768 3231 836 3296 XI.

216 3396 327 3467 Filius
351 3408 467 3466 autem
489 3402 699 3485 sacerdotis,
726 3424 804 3468 oum
826 3402 966 3479 morbus
990 3424 1069 3468 eum
1092 3402 1218 3467 solitus
1241 3401 1333 3465 invu-

139 3486 248 3583 ⁸i⁸set,
267 3504 508 3568 nosocomium
530 3504 710 3586 ingressus
727 3504 918 3589 Iosephum
939 3504 989 3568 ibi
1011 3511 1046 3569 et
1069 3504 1244 3570 dominam
1259 3502 1333 3567 Ma-

137 3585 218 3665 riam
233 3604 389 3686 offendit,
406 3605 565 3688 aquibus
581 3608 689 3671 ceteri
706 3628 826 3673 omnes
838 3606 1059 3691 diffugerant.
1083 3605 1182 3671 Hera
1192 3606 1334 3673 domina

136 3722 341 3754 N„-

197 3807 228 3861 X.
245 3815 390 3878 supervenit
405 3814 457 3876 ipsi
472 3830 559 3872 mane,
572 3819 709 3878 postquam
723 3840 732 3850 ·
745 3840 754 3850 ·
767 3815 890 3880 conserit.-
907 3816 947 3863 ita
959 3815 1013 3872 Fu,
1033 3815 1078 3878 qui
1098 3817 1179 3866 etlam
1196 3816 1332 3866 arabicum

130 3880 231 3969 imum
250 3899 414 3950 emendavit.
441 3898 497 3949 sur.
517 3905 545 3949 et
558 3899 628 3948 Thil.
646 3901 791 3961 supervenit
807 3901 858 3964 ipsi
874 3915 986 3958 aurora,
1005 3905 1160 3966 ruperatque
1177 3901 1333 3967 defatigatio

132 3966 234 4034 ‘duro
244 3985 324 4034 arrae
338 3983 465 4047 equum

191 4065 266 4121 Irrue
277 4075 361 4121 aum
373 4071 539 4119 »cocomarium
551 4095 560 4105 ·
574 4095 583 4105 ·
595 4070 623 4118 in
634 4069 685 4118 illo
697 4069 770 4118 urbe:
788 4071 828 4118 ita
840 4069 889 4127 Fu,
902 4077 1024 4120 correcto
1037 4071 1117 4121 simul
1129 4071 1245 4122 arabico.
1271 4070 1327 4121 sik.

122 4138 148 4178 ἰ
161 4136 239 4204 ΪἮίΙ.
263 4157 295 4205 In
306 4156 404 4205 vicimo
416 4159 500 4204 autem
511 4155 587 4204 istius
600 4155 664 4204 idoli
675 4159 734 4204 erat
746 4156 911 4205 nosocomium·
923 4155 996 4206 illim
1008 4157 1086 4206 ordia

116 4309 130 4339 r
194 4252 267 4301 quem
278 4259 333 4291 curm
341 4241 511 4306 persensisset
528 4243 590 4290 baec
607 4246 692 4291 terra:
710 4243 749 4290 ita
762 4241 817 4299 Ill-3
837 4240 893 4292 Sil.
907 4247 936 4291 et
948 4242 1018 4290 Thll.
1037 4243 1091 4290 eiua
1106 4243 1141 4291 od
1150 4243 1253 4308 sarnam
1264 4243 1327 4291 daec

129 4311 198 4365 ‘⁹³⁶0

110 4420 277 4556 &⁹³:3⁸
293 4413 392 4548 {gom
411 4411 512 4462 incolae
528 4411 639 4476 aliique:
657 4412 697 4461 ita
711 4411 765 4471 r1.;
786 4410 842 4461 Sik.
861 4416 889 4463 et
908 4411 979 4462 Thil·
993 4416 1102 4475 praeter
1118 4417 1233 4463 coeteros
1250 4428 1334 4462 omnes

252 4513 305 4547 meo
