2896 5062
120 378 206 426 Μ
585 353 857 408 rsonncourua

205 510 356 575 Fuerunt
378 508 478 573 etiam
494 507 551 589 qui
571 505 612 571 de
634 505 749 588 lingua
771 505 986 571 dissentirent
1003 527 1071 589 qua
1092 511 1209 572 auctor
1232 511 1320 573 acto·

120 644 194 688 rum
221 620 324 686 Pilati
350 639 429 684 usus
456 622 553 685 esset.
596 617 685 682 Aliis
714 619 802 683 enim
832 617 1038 697 hebraicum,
1069 617 1145 684 aliis
1172 617 1321 697 latinum,

121 734 196 801 aliis
227 752 380 816 graccum
411 720 628 812 archetypum
655 729 790 811 placuit.
834 728 950 812 Atque
978 729 1020 793 iis
1046 728 1181 811 quidem
1203 729 1323 811 quibus

120 844 275 911 hebraice
301 842 461 924 scriptum
483 840 671 920 videbatur,
703 840 815 906 nescio
839 860 882 905 an
904 839 1015 905 fucum
1038 839 1155 905 feeerit
1181 841 1322 906 assertio

120 955 260 1039 prologi.
303 954 357 1019 Ba
378 973 456 1018 vero
480 972 548 1016 non
569 951 644 1033 plus
667 951 817 1015 veritatis
840 936 942 1016 habet
964 971 1064 1033 quam
1079 951 1170 1034 quod
1191 956 1246 1016 tot
1268 951 1323 1017 alii

120 1067 197 1131 libri
216 1064 407 1148 apocryphi,
429 1068 468 1128 ut
481 1063 623 1129 historie
636 1061 774 1146 Iosephi
788 1063 931 1146 lignarii,
953 1067 992 1130 ut
1005 1045 1323 1130 Pseudo-Matthaei

121 1176 340 1261 evangelium,
368 1179 407 1239 ut
428 1174 560 1241 Abdiae
582 1161 743 1241 historiae
765 1174 984 1256 apostolicae,
1013 1174 1135 1257 quippe
1162 1175 1324 1241 maiorem

120 1289 198 1358 fidei
229 1287 372 1371 speciem
403 1285 616 1365 affectantes,
651 1309 691 1351 ex
720 1286 877 1352 hebraico
909 1306 944 1351 se
974 1285 1166 1351 translatos-
1186 1285 1323 1369 fingrmt

121 1400 216 1484 Quae
239 1401 405 1464 enimvero
433 1397 557 1480 passim
585 1397 733 1463 hebraici
760 1399 994 1480 potiusquam
1021 1397 1133 1480 graeci
1160 1399 1324 1464 sermonis

121 1511 265 1575 indolem
288 1508 453 1591 redolent,
485 1529 524 1573 ea
545 1528 681 1591 prorsus
704 1507 873 1590 quadrant
894 1508 929 1573 in
952 1509 1120 1579 hominem
1141 1508 1324 1574 hebraeum

121 1642 238 1705 graece
263 1620 475 1699 scribentem,
506 1640 567 1684 nec
589 1640 666 1684 vero
691 1620 868 1703 quicquam
890 1620 1083 1685 hebraicum
1105 1619 1324 1703 archetypum

121 1731 278 1815 postulat,
301 1730 390 1814 quod
412 1751 473 1796 nec
495 1729 627 1796 Iustino
650 1735 709 1794 aut
723 1728 930 1795 Tertulliano
953 1736 1011 1795 aut
1033 1730 1181 1796 Eusebio
1203 1752 1325 1797 memo-

122 1847 231 1907 ratum
252 1846 311 1907 est.

206 1952 279 2017 Alii
311 1973 425 2017 rursus
462 1952 564 2016 latine
602 1952 722 2016 librum
753 1946 913 2034 scriptum
944 1974 1016 2017 esse
1047 1953 1171 2018 volunt.
1226 1951 1325 2037 Quod

122 2085 222 2148 quum
243 2064 370 2129 nemini
392 2067 541 2128 veterum
564 2063 598 2126 in
621 2068 765 2128 mentem
786 2063 885 2143 venit,
912 2080 1113 2152 quemquam
1131 2064 1248 2146 ipsum
1269 2064 1325 2129 Pi·

121 2176 226 2241 latum
257 2175 361 2240 latino
393 2175 504 2257 potius
535 2195 635 2256 quam
666 2173 732 2239 alio
764 2195 916 2239 sermone
947 2176 981 2238 in
1013 2175 1097 2239 actis
1128 2175 1196 2239 suis
1228 2196 1326 2241 usum

123 2287 207 2351 scire
239 2285 420 2367 debebant;
459 2290 531 2350 tum
561 2290 691 2368 pugnat,
719 2307 794 2351 cum
823 2286 897 2368 ipso
928 2285 1034 2351 latino
1071 2286 1229 2369 prologo,
1268 2287 1326 2369 qui

122 2418 273 2480 graecam
302 2418 343 2461 ex
369 2396 526 2462 hebraico
555 2397 864 2480 interpretationem
894 2396 1079 2480 profitetur.
1128 2396 1183 2463 Ac
1211 2398 1241 2461 si
1268 2398 1326 2481 qui

122 2508 209 2573 forte
231 2507 296 2573 loci
318 2507 421 2573 latine
443 2513 615 2590 praestare
637 2509 765 2592 graecis
787 2509 950 2588 videntur,
972 2509 1007 2573 id
1029 2530 1069 2572 ex
1091 2510 1220 2592 graecis
1237 2508 1326 2575 eodi-

122 2620 215 2685 cibus
237 2618 376 2684 diversis
399 2641 420 2684 a
441 2619 580 2700 nostris,
611 2620 669 2702 qui
697 2625 807 2686 aetate
833 2641 901 2685 non
930 2620 1108 2703 excellunt,
1140 2619 1326 2686 derivatum

123 2736 182 2797 est.
225 2729 355 2795 Rursus
387 2730 492 2795 latina
524 2751 637 2813 saepe,
668 2751 789 2813 graeca
814 2751 977 2812 nusquam
1005 2731 1222 2823 interpretem
1250 2753 1326 2815 pro·

109 2841 211 2907 ‘dunt
245 2839 364 2925 Neque
379 2862 534 2925 graecum
557 2841 772 2924 interpretem
795 2842 895 2907 verba
917 2841 1095 2906 latinitatis
1117 2843 1266 2924 propria,
1288 2847 1326 2908 ut

123 2955 233 3037 σίγμα,
258 2951 419 3036 κοίρσωρ,
443 2953 585 3018 fideliter
606 2958 813 3019 retenturum
829 2953 887 3019 sed
901 2958 1063 3035 quantum
1077 2958 1191 3035 posset
1205 2973 1326 3036 graece

121 3063 328 3129 redditurum
350 3063 452 3128 fuisse
475 3064 627 3128 arbitror.

209 3173 375 3242 Graecum
403 3195 480 3239 vero
509 3179 678 3239 auctorem
704 3175 848 3257 primum
879 3174 996 3240 siradet
1025 3176 1182 3240 universa
1212 3179 1326 3259 graeci

122 3290 233 3351 textus
262 3285 364 3366 ratio,
393 3286 427 3348 in
451 3306 516 3368 quo
545 3306 664 3367 magna
692 3290 743 3351 est
766 3307 839 3350 cum
862 3286 1040 3369 evangeliis
1062 3287 1231 3351 canonicis
1255 3286 1325 3352 affi-

123 3398 220 3461 nitas.
251 3395 392 3460 Accedit
407 3395 497 3477 quod
511 3396 702 3461 hebraicum
726 3397 942 3479 archetypum
961 3398 999 3467 ‚in
1021 3396 1154 3462 fictione
1176 3398 1325 3480 positum

122 3528 193 3574 esse
216 3513 346 3572 tantum
368 3529 435 3572 non
458 3513 584 3573 certum
606 3513 666 3590 est,
689 3513 722 3573 et
743 3508 965 3592 latinumque
989 3507 1236 3574 commendetur
1257 3530 1326 3577 non

122 3618 231 3683 habet.
269 3618 378 3704 Quam
397 3640 474 3684 vero
498 3625 738 3684 consentaneus
762 3640 899 3702 graecus
923 3641 1030 3685 sermo
1053 3620 1139 3684 libro
1162 3621 1244 3702 ipsis
1267 3642 1326 3704 po·

122 3728 286 3793 tissimum
309 3728 444 3794 Iudaeis
467 3730 634 3796 destinato
659 3730 771 3811 fuerit,
801 3751 902 3812 quum
924 3736 1032 3796 totum
1053 3729 1188 3796 Novum
1209 3731 1326 3798 Testa·

122 3844 268 3906 mentum
299 3844 370 3902 tum
401 3846 454 3906 tot
484 3842 542 3907 alii
573 3842 753 3924 scriptores
781 3841 914 3907 oriundi
936 3864 976 3907 ex
998 3841 1133 3908 Iudaeis
1155 3849 1189 3908 et
1211 3847 1325 3911 tamen

124 3972 241 4035 graece
279 3950 459 4016 scribentes
496 3953 656 4035 probant,
698 3954 786 4018 inter
823 3974 906 4034 quos
949 3953 1046 4017 Philo
1084 3959 1117 4018 et
1160 3953 1326 4037 Iosephus

123 4064 276 4129 eminent.

209 4172 316 4258 Quam
348 4174 388 4238 de
419 4175 502 4239 actis
534 4174 637 4239 Pilati
668 4176 894 4257 quaestionem
927 4181 1107 4257 antequam
1142 4176 1325 4258 mittamus,

124 4284 346 4368 quaerendum
375 4290 426 4349 est
455 4306 520 4366 quo
551 4290 699 4368 tempore
729 4307 802 4351 eam
832 4287 992 4352 subierint
1023 4286 1318 4369 interpolationem

123 4397 270 4462 cuicum
293 4395 444 4460 universa
466 4394 608 4478 quadam
634 4398 668 4461 ni
696 4397 794 4464 fallor
821 4399 1059 4464 retractatione
1084 4398 1186 4464 etiam
1207 4400 1320 4482 prolo-
