2880 5062
342 360 545 413 DESCRNSUS
564 360 707 412 CHRISTI
727 365 772 414 ΔΙ)
791 363 951 416 Insanos,
979 365 1000 415 1.
1209 367 1268 429 421

63 519 202 580 nantes:
247 512 361 578 Dicite
403 513 498 585 nobis
536 514 700 596 quomodo
743 514 933 581 surrexistis
975 539 996 582 a
1038 518 1193 600 mortuis,
1239 524 1272 584 et

66 637 160 701 quae
194 622 271 681 sunt
306 616 389 684 haec
425 617 591 683 mirabilia
621 639 707 702 quae
743 619 835 686 facta
870 626 948 686 sunt
978 621 1184 705 temporibus
1214 644 1271 687 no·

65 719 163 800 stris,
195 718 306 801 qualia
336 740 505 801 nunquam
534 719 720 786 audivimus
752 721 930 805 aliquando
958 723 1061 788 facta:
1095 723 1174 807 quia
1205 724 1272 789 iam

65 840 149 905 prae
180 841 303 903 pavore
330 820 574 905 obstupuerunt
600 823 711 890 omnia
735 845 811 890 ossa
833 830 950 890 nostra
977 831 1011 890 et
1038 831 1211 907 aruerunt,
1238 832 1272 890 et

66 931 162 993 terra
199 931 384 991 commovet
420 947 455 991 se
492 926 554 992 sub
590 928 730 1011 pedibus
767 929 906 994 nostris:
943 928 1152 996 adiunximus
1185 930 1271 994 enim

67 1030 181 1097 omnia
211 1035 350 1113 pectora
381 1036 496 1097 nostra
525 1037 563 1097 ut
594 1031 837 1098 effunderemus
865 1033 1059 1118 sanguinem
1087 1035 1211 1100 iustum
1239 1038 1272 1100 et

67 1137 231 1201 metum.

157 1269 281 1337 8Τιιηο
303 1271 456 1338 Karinus
479 1279 513 1338 at
531 1271 677 1339 Leucius
700 1280 889 1338 annuerunt
911 1273 959 1339 eis
981 1273 1134 1339 manibus
1155 1279 1194 1338 ut
1215 1274 1271 1340 da-

69 1378 145 1441 rent
167 1374 216 1440 eis
238 1380 365 1440 tomum
389 1376 526 1442 chartae
553 1381 586 1441 et
613 1380 844 1442 atramentum.
887 1374 964 1442 Hoc
986 1382 1098 1443 autem
1120 1377 1272 1443 fecerunt

12 1546 15 1555 ,
63 1480 150 1564 'quis
177 1502 245 1546 non
273 1481 422 1564 permisit
451 1504 508 1547 eos
537 1482 671 1565 spiritus
700 1488 835 1547 sanctus
862 1481 952 1565 loqui
984 1505 1057 1548 cum
1084 1483 1160 1548 illis.
1205 1483 1271 1570 Qui

15 1626 38 1637 --
69 1583 188 1650 dantes
215 1585 262 1649 eis
288 1585 438 1668 singulas
462 1586 596 1651 chartas
619 1590 913 1670 sequestraverunt
935 1607 1082 1652 seorsum
1105 1608 1205 1651 unum
1229 1584 1271 1651 ab

67 1683 135 1750 alio
164 1685 200 1749 in
224 1684 361 1768 singulis
387 1687 524 1752 cellulis.
568 1687 618 1751 At
640 1685 688 1751 illi
712 1685 824 1770 digitis
847 1688 915 1751 suis
939 1687 1141 1770 signaculum
1164 1687 1271 1752 crucis

11 1808 17 1861 ·,
65 1788 195 1856 Christi
227 1790 406 1874 facientes,
444 1791 479 1855 in
511 1791 650 1873 singulis
687 1797 869 1873 coeperunt
904 1791 1049 1856 seribere
1086 1793 1202 1857 tomis:
1238 1797 1272 1856 et

65 1896 248 1974 postquam
277 1892 539 1975 compleverunt,
567 1893 663 1976 quasi
692 1914 733 1957 ex
759 1914 826 1959 uno
856 1913 912 1957 ore
940 1916 961 1957 a
983 1892 1120 1977 singulis
1144 1892 1271 1958 cellulis

63 1992 339 2058 exclamaverunt
361 1993 481 2058 Amen.
526 1994 753 2076 Exsurgentes
780 2016 858 2059 vero
882 1993 1032 2059 Karinus
1059 1993 1150 2059 dedit
1177 1995 1271 2058 char·

63 2098 138 2159 tam
166 2114 259 2158 suam
282 2093 402 2159 Annae
428 2099 462 2158 et
488 2094 634 2160 Leuoius
657 2092 820 2177 Caiphae,
852 2100 886 2160 et
915 2094 1100 2160 salutantes
1130 2093 1271 2158 invicem

63 2194 225 2262 exierunt
246 2200 280 2260 et
301 2197 425 2261 reversi
448 2202 526 2262 sunt
548 2196 589 2263 ad
613 2197 765 2281 sepulcra
787 2217 854 2262 sua
1008 2213 1009 2216 ’

66 2388 121 2399 ,αι-
155 2388 211 2394 ·—···

58 2541 133 2592 em
151 2528 187 2586 et)
209 2529 349 2588 poenes-nne
367 2551 377 2561 ·
396 2524 475 2574 Helai
493 2525 544 2587 (its
574 2539 607 2586 c;
630 2541 648 2576 n
666 2525 743 2589 Elop,
762 2537 780 2574 n
799 2524 875 2590 Otop)
893 2550 903 2560 ·
921 2525 1025 2574 Adonai
1049 2525 1100 2585 (its
1117 2538 1147 2582 ος
1165 2537 1183 2575 a
1201 2525 1270 2574 Ado·

62 2627 126 2678 noy,
144 2626 164 2664 Δ
181 2610 299 2677 Admp)
318 2637 328 2647 ·
346 2612 489 2660 audivimas
509 2611 538 2673 (a
556 2614 610 2672 om)
630 2610 695 2674 aliq.
712 2612 793 2674 santa
815 2611 845 2672 (Β
863 2609 916 2659 edd
934 2610 1004 2671 sent)
1023 2645 1053 2659 ..
1073 2624 1088 2662 c
1106 2614 1226 2659 somni
1243 2610 1271 2658 in

63 2715 223 2766 synapopasn
247 2714 303 2748 eum
325 2699 398 2761 ipsis.
437 2699 497 2746 Csun
520 2714 580 2762 erpo
605 2698 728 2747 vidissent
751 2714 794 2747 eos
812 2697 947 2760 principes
969 2698 1142 2755 sacerdotnm,
1168 2698 1271 2746 ninum

64 2783 217 2832 contutati
235 2780 340 2846 [sunt],
365 2787 390 2831 et
412 2787 507 2831 tresnor
533 2783 700 2847 apprehendit
723 2796 774 2830 eos.
811 2782 916 2830 Desnnen
935 2783 1012 2829 Anna
1029 2784 1055 2829 et
1073 2781 1184 2846 Onipnas
1201 2795 1271 2827 nece·

60 2873 161 2932 pomi
178 2869 260 2918 libros
281 2867 345 2932 lepis
362 2870 404 2918 dei
427 2874 453 2918 et
477 2885 532 2931 pos.
553 2871 580 2918 in
600 2869 694 2918 manib.
714 2885 766 2918 sor.
785 2872 810 2918 et
833 2868 919 2918 adinr-
939 2885 981 2918 sos
1001 2869 1113 2917 dicentes
1129 2868 1182 2917 Per
1198 2867 1271 2916 &nn

64 2953 150 3005 Bolos·
166 2957 194 3003 st
209 2955 250 3002 de.
264 2955 326 3014 Aa..
340 2970 391 3016 pes·
408 2953 456 3018 lep.
475 2959 500 3002 et
515 2955 608 3018 proph.
627 2955 792 3004 uoninraenns
809 2950 884 3018 [vos]
903 2958 932 3003 nt
948 2954 1043 3003 dicatis
1060 2953 1132 3002 nobis
1149 2953 1270 3016 quomodo

66 3056 168 3091 reem.
187 3057 206 3089 a
227 3057 276 3089 no.
296 3044 321 3088 et
341 3042 403 3089 haec
426 3031 559 3090 niirabilia
581 3057 622 3104 pn.
634 3042 681 3104 sa.
703 3045 762 3090 snnt
783 3041 823 3089 liis
843 3041 942 3098 diebus,
966 3039 1056 3104 qualia
1072 3054 1198 3102 nunqnam
1215 3041 1271 3088 visa

66 3131 126 3175 sent
145 3141 162 3172 a
181 3125 358 3174 constitutione
376 3125 470 3173 mnndi.
495 3126 500 3184 Ι
524 3125 584 3188 qnia
603 3126 653 3173 inni
674 3141 742 3188 prae
761 3158 790 3173 ..
812 3128 869 3175 cet
887 3123 1065 3189 nos(c0r1·iga
1083 3121 1163 3183 nobis)
1178 3139 1245 3185 pras
1264 3119 1268 3186 Ι

66 3227 188 3262 somnias.
210 3229 236 3260 se
260 3227 318 3260 cum
337 3226 355 3261 n
379 3247 386 3259 .
406 3246 412 3260 .
437 3216 597 3261 neommna
614 3215 665 3269 est,
690 3215 836 3262 emovetnr
862 3208 868 3273 Ι
894 3211 1000 3258 udinns.
1019 3211 1085 3258 enim
1101 3235 1112 3245 ·
1129 3213 1158 3258 nt
1174 3209 1268 3275 effnnd.

68 3315 129 3350 cnm
148 3312 165 3349 Δ
185 3333 215 3349 ..
237 3311 254 3348 n
273 3299 335 3362 qnia
352 3298 486 3364 effudimus
505 3334 511 3347 .
532 3333 538 3346 .
564 3312 579 3348 c
597 3303 622 3346 et
640 3299 754 3346 ereditur
772 3279 836 3360 (sic)
854 3299 977 3346 accidisse
994 3300 1056 3345 Isaeo
1074 3299 1192 3361 qnoniam
1208 3298 1269 3362 effn-

67 3387 245 3448 diuisum.
264 3391 345 3435 elsa.
367 3403 424 3435 cum
444 3398 480 3437 AB
500 3421 529 3436 ..
550 3399 565 3436 c
585 3390 739 3435 innocentem
757 3391 781 3434 et
799 3385 858 3434 insi.

156 3511 180 3558 8.
216 3510 332 3558 Karinns
349 3513 374 3556 et
392 3508 513 3557 Leucins:
537 3512 666 3572 utsupra
688 3507 692 3570 Ι
713 3523 728 3559 n
747 3508 883 3556 insumant
903 3509 907 3569 Ι
928 3511 1018 3555 tomum
1036 3508 1141 3554 chartae
1159 3521 1217 3554 cum
1236 3519 1270 3556 nc

72 3632 101 3647 ..
126 3609 145 3647 Β
167 3598 271 3645 shartns
297 3600 301 3654 Ι
332 3597 383 3658 Qui
400 3622 410 3632 ·
428 3597 493 3660 sinp.
519 3595 549 3652 ΙΒ
567 3595 621 3655 om)
644 3600 763 3659 sequestr.
782 3612 809 3643 se
830 3605 904 3643 unum
927 3594 957 3653 (Β
978 3595 1095 3656 separati
1116 3597 1174 3641 sunt
1195 3592 1269 3652 unns)

70 3710 80 3722 ·
97 3684 200 3734 sellulis
223 3699 281 3732 cum
306 3697 341 3735 AB
369 3719 376 3732 .
397 3719 403 3732 .
433 3698 448 3734 (¹
472 3685 610 3747 Postquam
634 3687 717 3732 antem
734 3683 859 3730 dederunt
875 3683 913 3730 eis
930 3683 1033 3728 chariss
1051 3683 1076 3727 et
1093 3683 1269 3736 atramentum,

70 3769 211 3819 dinismnt
233 3784 275 3816 eos
298 3769 326 3815 in
347 3770 412 3831 einp.
432 3768 487 3815 cell.
503 3774 507 3827 Ι
525 3769 560 3814 ,it
579 3767 621 3815 illi
638 3793 648 3802 ·
671 3767 698 3814 in
722 3767 786 3829 sinp.
805 3782 873 3829 coep.
892 3781 942 3813 sss.
962 3768 1020 3811 tom.
1045 3763 1074 3823 (a
1093 3779 1134 3811 om
1158 3763 1185 3809 in
1202 3763 1268 3825 sinp.

72 3854 143 3914 ton.)
161 3880 171 3892 ·
192 3856 270 3902 Anien
289 3869 347 3902 cum
367 3866 401 3904 ΑΒ
422 3888 449 3902 ..
471 3867 486 3903 c
508 3853 559 3914 Qui
576 3856 710 3915 antequam
728 3852 879 3916 incepissent
896 3850 1015 3906 scribere,
1034 3849 1181 3898 manmit
1198 3850 1269 3898 anino

72 3956 159 3991 m
180 3942 287 3989 dextras
308 3944 334 3988 et
351 3942 474 4004 seces-nni
496 3937 655 4003 sipnaculnm
679 3938 774 3994 meis,
801 3942 826 3986 et
848 3943 907 3986 tune
928 3939 1063 3996 coeperunt
1086 3951 1134 3983 scr.
1154 3936 1181 3982 in
1203 3936 1268 3997 sinp.

72 4028 152 4076 nnis.
190 4027 286 4076 Finitis
308 4042 368 4075 vero
386 4025 522 4088 seripturis
541 4024 715 4072 e·h1manemnt
732 4040 750 4070 a
767 4023 830 4085 sinp.
849 4021 933 4071 eellnl.
958 4022 1039 4068 Amen
1061 4018 1067 4080 Ι
1091 4020 1206 4068 Karina
1224 4018 1269 4080 (de

74 4110 113 4161 tis
135 4111 267 4160 nominib.
290 4109 352 4159 uida
376 4109 467 4173 aupes)
495 4135 504 4144 -
533 4109 644 4168 Caiphae
667 4121 724 4155 cuin
746 4120 762 4155 B
791 4142 798 4155 .
823 4143 828 4155 .
858 4121 891 4158 uc
919 4106 984 4153 Kar.
1005 4110 1029 4152 et
1052 4104 1128 4152 Im.
1147 4104 1270 4152 dederant

70 4199 226 4259 sseiptssram
250 4196 279 4255 (c
308 4212 443 4258 porrexer.
467 4196 572 4242 chartas
592 4192 664 4253 situs)
690 4195 781 4240 ,tienne
803 4196 827 4239 et
856 4191 884 4253 (Δ
906 4207 947 4238 om
976 4193 1039 4238 Ann.
1062 4189 1099 4251 et)
1125 4190 1235 4251 Caiphae
1265 4187 1268 4252 Ι

71 4288 93 4332 et
111 4284 140 4344 (c
158 4284 212 4346 ipsi
229 4283 299 4342 nero)
317 4283 396 4332 salut.
418 4283 492 4330 insin
518 4281 545 4342 (c
563 4280 671 4329 resolui.
692 4280 801 4328 Iudaeos
826 4277 831 4339 Ι
858 4279 937 4326 exies.
957 4282 982 4325 et
1006 4277 1035 4336 (Β
1054 4277 1119 4327 hess
1138 4275 1192 4338 om)
1215 4292 1268 4324 res.

68 4375 127 4421 sent
145 4371 176 4434 (Β
194 4371 337 4433 redierunt)
361 4371 395 4419 ad
413 4370 533 4434 sepulcra
557 4369 585 4431 (Δ
603 4366 772 4429 amaturum)
790 4383 837 4415 sna
854 4366 884 4428 (a
901 4366 985 4427 mss)
1009 4398 1040 4415 ..
1064 4378 1079 4417 c
1102 4379 1222 4414 resones.
1239 4363 1271 4410 ds
