2880 5062
121 378 181 440 126
399 377 566 429 maroam
586 378 741 430 1osnru1.
769 377 844 428 oar.
864 375 896 426 x.
915 375 961 426 xi.
979 375 1040 426 xu.

119 550 259 593 suarum
273 551 376 612 opere
388 530 492 594 vitam
504 531 687 594 sustinuit:
705 549 819 611 neque
832 528 923 592 enim
935 527 1051 591 alieno
1063 525 1182 591 labore
1192 525 1332 588 victum

119 633 227 715 gratis
251 631 443 714 quaerebat
465 654 633 714 unquam,
657 630 948 715 quemadmodum
969 628 1075 711 (olim)
1095 627 1331 711 praeceperat

118 735 174 800 lex
190 734 313 800 Mosis,

624 903 745 970 Oarur
768 903 815 968 X.

203 1076 360 1141 Tandem
377 1077 656 1142 increscentibus
674 1077 775 1141 annis
786 1081 969 1159 provectae
986 1073 1113 1139 aetatis
1126 1092 1230 1138 senex
1245 1090 1326 1136 eva-

119 1182 173 1245 sit.
219 1179 328 1245 Nulla
350 1188 466 1244 tamen
489 1181 645 1262 corporis
668 1179 839 1244 laboravit
859 1177 1078 1257 infirmitate,
1105 1196 1171 1241 nec
1192 1173 1325 1240 defecit

117 1285 211 1348 visus
229 1304 342 1366 neque
360 1283 453 1347 ullus
471 1283 512 1346 de
532 1304 589 1347 ore
614 1285 688 1348 eius
707 1283 792 1347 dens
809 1282 929 1365 periit;
953 1287 1069 1345 mente
1088 1300 1227 1363 quoque
1244 1284 1322 1343 toto

119 1388 245 1451 aetatis
262 1392 417 1469 tempore
435 1407 623 1469 numquam
641 1386 816 1450 deliravit:
841 1385 903 1450 sed
921 1384 1045 1449 similis
1065 1404 1175 1466 puero
1192 1381 1322 1446 iuveni·

118 1490 186 1553 lem
204 1510 341 1572 semper
357 1491 392 1552 in
404 1489 555 1572 negotiis
573 1489 809 1572 suisvigorem
825 1488 1012 1571 praestitit,
1031 1493 1066 1551 et
1076 1485 1230 1550 membra
1245 1485 1319 1548 eius

119 1592 257 1675 integra
278 1598 548 1674 permanserunt
573 1594 761 1676 omni(que)
785 1592 905 1656 dolore
926 1611 1045 1655 vacua.
1091 1589 1184 1655 'Pota
1207 1594 1317 1655 autem

120 1696 195 1759 eius
212 1696 282 1759 vita
299 1700 438 1760 centum
456 1694 641 1760 constabat
660 1701 696 1760 et
712 1695 874 1760 undecim
891 1695 1009 1776 annis,
1031 1693 1204 1778 producta
1219 1713 1314 1776 quan

121 1796 317 1862 diutissime
335 1799 447 1882 ipsius
465 1804 659 1863 senectute.

615 2017 736 2086 Carus
758 2019 827 2084 Xl.

205 2190 326 2255 Iustus
342 2210 422 2255 vero
446 2196 482 2256 et
498 2189 640 2257 Simeon
657 2193 815 2257 seniores
831 2191 975 2274 losephi
992 2190 1057 2255 filii
1074 2190 1190 2256 ductis
1209 2188 1301 2254 uxori-

120 2294 185 2358 bus
202 2293 238 2356 in
255 2291 407 2358 familias
419 2316 500 2360 suas
517 2295 710 2360 abiverunt.
735 2294 870 2361 Ambae
882 2295 1014 2378 pariter
1024 2297 1219 2377 nupserunt
1227 2291 1298 2356 filiae

121 2396 208 2461 etin
225 2417 306 2460 suas
323 2404 546 2462 secesserunt
561 2398 678 2464 aedes.
701 2396 753 2463 At
767 2399 996 2464 remanebant
1012 2400 1049 2463 in
1067 2390 1296 2475 domoIosaphi

119 2498 210 2563 Iuda
226 2504 262 2563 et
271 2498 422 2563 Iacobus
439 2501 553 2566 minor
569 2522 633 2566 nec
649 2523 720 2566 non
737 2509 848 2566 mater
862 2523 940 2567 mea
954 2502 1061 2586 virgo.
1085 2501 1162 2586 Ego
1178 2500 1295 2577 insuper

119 2622 283 2667 unacum
304 2602 376 2667 illis
394 2603 548 2688 (ibidem)
564 2606 756 2688 permansi,
780 2605 872 2671 haud
894 2606 999 2670 aliter
1019 2605 1106 2670 acsi
1129 2623 1216 2668 unus
1232 2596 1294 2662 fuis-

121 2726 192 2770 sem
212 2706 254 2769 de
272 2705 354 2771 filiis
372 2707 458 2771 eiua.
483 2706 654 2791 Transegi
671 2714 788 2773 autem
805 2729 941 2773 omnem
958 2713 1109 2776 aetatem
1125 2724 1229 2771 meam
1238 2699 1293 2765 sinc

121 2809 234 2892 culpa.
267 2807 416 2873 Mariam
436 2811 610 2892 appellavi
627 2817 772 2877 matrem
788 2832 898 2876 meam
921 2816 957 2875 et
971 2809 1163 2893 Iosephum
1178 2810 1295 2891 patrem,

122 2919 227 2995 atque
253 2912 290 2976 in
316 2912 477 2977 omnibus
503 2933 593 2996 quae
619 2913 783 2978 dixerunt
807 2934 937 2978 morem
961 2914 1050 2997 ipsis
1075 2912 1182 2995 gessi:
1206 2916 1293 2986 neque

121 3015 311 3098 repugnavi
334 3014 406 3079 illis
426 3036 580 3098 unquam
597 3015 658 3080 sed
676 3016 911 3098 obtemperavi
930 3018 996 3096 eia,
1019 3022 1058 3080 ut
1074 3015 1189 3080 facere
1204 3005 1295 3076 solent

122 3119 251 3201 reliqui
272 3139 360 3200 quos
378 3123 471 3182 terra
487 3118 652 3200 producit
669 3118 843 3183 homines:
867 3139 932 3183 nec
953 3119 1040 3183 iram
1063 3117 1136 3183 illis
1153 3100 1295 3199 concitavi

122 3221 194 3286 ullo
221 3221 293 3301 die,
320 3226 381 3286 aut
404 3220 546 3285 verbum
571 3221 716 3304 aliquod
743 3242 805 3286 seu
829 3243 1036 3304 responsum
1059 3206 1297 3304 (duriusculum)

122 3325 208 3408 ipsis
227 3324 390 3407 opposui3
413 3343 430 3387 e
449 3325 623 3389 contrario
645 3324 782 3408 ingenti
800 3345 859 3390 eos
875 3331 1085 3407 prosecutus
1103 3344 1177 3390 sum
1196 3327 1298 3386 amore»

124 3448 186 3492 ceu
203 3426 373 3510 pupillam
392 3426 495 3492 oculi.
1350 3430 1353 3491 l

607 3631 728 3698 Ourna
750 3632 839 3697 XII.

211 3783 370 3869 Contigit
389 3791 470 3869 post
495 3786 580 3851 haec
605 3794 645 3852 ut
671 3788 973 3871 adpropinquaret
992 3807 1084 3851 mors
1108 3785 1200 3851 senis
1224 3775 1318 3844 illills

124 3888 173 3970 pii
190 3886 333 3969 Iosepbi
355 3888 535 3971 ipsiusque
554 3889 596 3954 de
613 3890 680 3954 hoo
696 3891 824 3955 mundo
849 3891 977 3969 exitus,
999 3909 1094 3954 more
1112 3879 1325 3970 reliquorum

124 3990 303 4055 hominum
325 3993 384 4073 qui
405 3991 487 4056 huic
510 3997 624 4057 terrae
648 3999 762 4057 ortum
785 3992 925 4057 debent.
973 3989 1092 4075 Atque
1114 3994 1251 4056 nutant-e
1269 3957 1336 4045 ad

124 4094 306 4159 interitum
329 4114 473 4177 corpore
496 4095 571 4160 eius
593 4095 762 4161 indicavit
782 4097 850 4178 ipsi
872 4095 1018 4179 angelus
1036 4095 1168 4159 domini
1189 4094 1249 4157 iam
1265 4087 1346 4150 ἦθ’

125 4204 217 4261 stare
235 4199 356 4261 mortis
373 4198 504 4262 horam.
535 4198 689 4264 Proinde
708 4221 786 4264 eum
803 4200 908 4264 timor
928 4205 963 4263 et
983 4200 1108 4282 ingens
1130 4198 1234 4263 animi
1247 4211 1282 4278 pe
1295 4180 1353 4243 5¹

125 4299 279 4364 turbatio
297 4299 434 4363 invasit.
467 4296 622 4382 Surgens
644 4306 761 4367 autem
781 4301 889 4367 abivit
905 4301 1200 4386 Hierosolymam,
1223 4306 1253 4364 et
1269 4282 1353 4360 ist

125 4423 266 4485 gressus
286 4402 453 4484 templum
471 4401 603 4468 domini
624 4404 813 4489 effusisque
838 4405 887 4470 ibi
904 4426 1020 4470 coram
1037 4406 1236 4471 sanctuario
1250 4384 1353 4486 pff

127 4505 226 4570 cibus
243 4505 344 4569 dixit:
