2896 5062
197 357 258 421 184
386 358 618 411 evertentium
637 358 831 411 INFANTIAE
849 359 1040 410 nssumcun.
1067 360 1144 410 VIII.
1163 362 1209 413 IX.

196 508 487 594 Hierosolymam,
500 509 790 593 quemadmodum
800 509 1271 594 praedixeratZeraduscht3
1288 520 1388 578 erant-

197 633 263 695 que
282 634 359 677 cum
375 614 461 697 ipsis
478 635 633 696 munera,
650 636 774 679 aurum
790 614 870 679 thus
891 619 926 679 et
941 614 1092 698 myrrha;
1114 620 1150 680 et
1165 615 1397 683 adorauerunt

197 736 275 780 eum
301 737 432 799 suaque
464 717 533 799 ipsi
558 737 703 781 munere
733 717 948 782 obtulerunt.
994 715 1094 788 Tunc
1119 717 1263 783 domina
1285 718 1409 784 Mari-u

197 820 321 882 sumsit
343 840 447 883 unam
472 842 514 884 ex
539 819 610 883 illis
633 819 753 884 fasciis
777 839 922 902 eamque
943 839 1006 901 pro
1030 811 1143 901 opum¹
1159 820 1302 885 modulo
1327 821 1422 886 ilYus

196 921 357 1004 tradidit,
381 944 484 1006 quam
503 923 572 1006 ipsi
589 921 942 987 honorificentissime
960 921 1002 986 ab
1021 930 1303 1007 coacceperunt.
1331 923 1432 988 ffl-

196 1024 344 1109 demque
356 1024 442 1090 hora
458 1027 622 1108 apparuit
637 1025 709 1090 iilis
726 1025 872 1109 angelus
888 1024 1182 1091 informastellae
1200 1026 1298 1092 illius
1310 1048 1385 1110 qm.
1408 1044 1438 1091 ac

196 1134 301 1193 antea
312 1127 381 1192 dux
397 1128 535 1192 itineris
553 1129 639 1211 ipsis
651 1127 781 1208 fueret3
799 1129 899 1193 cuius
916 1127 1006 1193 lucis
1018 1128 1161 1194 ductum
1176 1131 1289 1195 secuti
1306 1130 1354 1195 ab
1383 1130 1437 1191 ‘ie

196 1236 288 1312 runt,
306 1230 418 1295 donec
433 1232 583 1314 patriam
600 1251 695 1296 suam
713 1231 916 1313 attigerunt.

673 1451 794 1518 Cium
816 1453 920 1520 VIII.

283 1621 531 1689 Convenerunt
547 1629 663 1688 autem
682 1624 726 1688 ad
743 1623 824 1690 illos
841 1645 941 1708 reges
963 1630 999 1689 et
1013 1625 1193 1708 principes
1211 1646 1332 1691 eorum
1373 1640 1435 1690 To·

196 1732 318 1810 gentes
335 1714 544 1810 ecquidnam
560 1727 730 1792 uidissent
746 1734 807 1793 aut
823 1728 988 1811 egissent,
1007 1728 1180 1811 quomodo
1197 1729 1351 1794 ivissent
1388 1745 1424 1794 aa

196 1829 400 1911 rediissent,
424 1829 509 1913 quid
526 1850 643 1894 secum
659 1830 872 1895 attulissent.
903 1828 952 1893 Hi
968 1851 1048 1896 vero
1065 1836 1310 1897 monstrarunt
1328 1827 1411 1896 iliis

196 1931 342 1997 fasciam
371 1932 487 2015 istam,
519 1954 621 2016 quam
646 1933 788 1998 domine
811 1932 926 1998 Maria
959 1934 1046 2016 ipsis
1074 1934 1287 2000 tradiderat:
1320 1952 1407 2019 qua-

196 2043 341 2120 propter
358 2035 581 2100 celebrarunt
596 2035 740 2117 festum,
762 2036 948 2119 ignemque
970 2056 1032 2119 pro
1054 2058 1148 2102 more
1171 2058 1235 2103 suo
1259 2058 1403 2104 succen-

198 2139 325 2203 derunt
342 2159 490 2221 eumque
508 2137 750 2219 adoraverunt,
769 2144 804 2203 et
819 2137 963 2202 fasciam
980 2137 1077 2202 illam
1093 2139 1129 2217 in
1147 2159 1227 2204 eum
1244 2141 1390 2207 coniece-

196 2247 293 2322 runt,
321 2242 560 2325 corripuitque
583 2262 659 2306 eam
679 2241 771 2325 ignis
794 2248 830 2306 et
853 2242 888 2305 in
911 2262 988 2307 sese
1010 2242 1288 2326 comprehendit.
1335 2244 1391 2310 Ex·

196 2344 326 2409 stinoto
350 2350 466 2408 autem
488 2345 568 2428 igue
591 2344 735 2409 fasciam
753 2349 979 2409 extraxerunt
994 2343 1100 2410 talem
1119 2346 1234 2428 qualis
1250 2348 1393 2430 primurn

196 2449 323 2530 fuerat,
341 2469 380 2513 ao
398 2449 428 2514 si
444 2450 536 2533 ignis
554 2471 629 2514 eam
645 2470 715 2514 non
733 2450 919 2534 attigisset.
951 2449 1076 2533 ltaque
1094 2455 1290 2532 coeperunt
1305 2449 1395 2516 illam

197 2552 349 2617 osculari
368 2552 612 2636 capitibusque
630 2553 702 2617 suis
720 2558 756 2616 et
770 2552 882 2616 oculis
899 2554 1089 2634 imponere,
1108 2551 1284 2651 dicentes:
1303 2552 1399 2619 Haec

196 2677 279 2721 sane
303 2654 503 2719 indubitata
524 2661 577 2719 est
592 2656 735 2720 ueritas:
758 2656 880 2737 utique
902 2676 1098 2738 magnares
1120 2656 1288 2738 estquod
1309 2657 1400 2741 ignis

196 2759 399 2825 comburere
423 2757 518 2821 illam
541 2764 601 2822 aut
621 2758 768 2842 perdere
790 2758 957 2840 nequivit.
989 2757 1078 2822 Inde
1102 2765 1306 2825 sumserunt
1326 2781 1400 2827 eam

195 2869 230 2928 et
246 2862 393 2927 maximo
412 2879 489 2924 cum
505 2863 637 2927 honore
654 2862 690 2925 in
708 2861 882 2926 thesauris
903 2861 976 2925 suis
992 2866 1238 2943 reposuerunt.

690 3081 811 3147 Canon
834 3080 901 3145 IX.

279 3255 441 3322 Herodes
464 3261 580 3320 autem
598 3273 675 3318 oum
691 3254 837 3318 vidisset
853 3273 971 3336 magos
989 3273 1026 3316 se
1043 3251 1249 3319 destituisse
1266 3275 1335 3320 neo
1356 3257 1400 3321 ad

193 3379 230 3424 se
252 3359 452 3439 revertisse,
478 3358 662 3423 accersivit
684 3355 884 3421 secerdotes
906 3361 941 3420 et
961 3356 1140 3438 sapientes
1162 3360 1198 3420 et
1218 3355 1310 3422 dixit
1332 3359 1399 3424 eis:

191 3461 329 3527 Docete
350 3483 404 3527 me
425 3460 486 3527 ubi
506 3461 707 3525 nasciturus
731 3460 777 3524 sit
794 3457 965 3524 Christus.
998 3456 1156 3540 Cumque
1179 3457 1233 3522 illi
1253 3480 1401 3544 respon-

192 3565 343 3630 dissent:
367 3563 590 3629 Bethlehemi
601 3561 765 3642 Iudaeae,
784 3561 901 3644 coepit
917 3560 1071 3643 cogitare
1089 3558 1132 3624 de
1144 3559 1250 3625 caede
1263 3560 1399 3629 domini

192 3666 275 3732 Iesu
287 3666 430 3733 Christi.
454 3665 554 3731 Tunc
570 3666 734 3749 apparuit
747 3664 892 3748 angelus
904 3664 1035 3729 domini
1046 3663 1198 3747 Iosepho
1215 3665 1400 3733 insomnis

194 3769 367 3851 dixitque:
399 3766 522 3852 Surge,
544 3790 640 3834 sume
657 3789 804 3851 puerum
821 3772 857 3832 et
871 3773 1017 3832 matrem
1033 3767 1110 3831 eius
1127 3772 1163 3831 et
1178 3767 1236 3831 abi
1252 3767 1290 3832 in
1307 3768 1401 3854 Egy-

191 3879 299 3954 ptum.
337 3870 496 3936 Surrexit
511 3872 620 3954 igitur
636 3870 699 3936 sub
718 3869 802 3954 galli
820 3876 959 3934 cantum
976 3875 1011 3934 et
1026 3869 1205 3953 profectus
1223 3875 1288 3935 est.

261 4064 320 4113 vll.
339 4064 509 4113 braduam:
525 4064 564 4113 ite
576 4064 633 4124 ΒΜ
647 4063 703 4112 Sik.
717 4070 745 4113 et
757 4063 829 4112 Thil.
843 4063 1010 4113 Zorodarctt.

258 4166 308 4212 pro
321 4166 394 4213 opum
408 4149 524 4198 ruoriuto:
536 4150 575 4198 its
588 4148 642 4207 ΡΜ
657 4148 713 4197 siu.
726 4155 755 4198 et
767 4148 837 4198 Thil.
851 4147 906 4197 loeo
919 4148 1098 4197 benedictionis

259 4235 334 4284 Vlll.
353 4237 414 4299 quid
426 4251 508 4284 secum
520 4234 682 4283 attulissent.-
696 4235 735 4284 itu
747 4234 803 4292 Fla
822 4232 877 4282 sik.
892 4242 920 4283 et
933 4233 1003 4282 Thil.
1017 4249 1079 4297 quoe
1091 4234 1192 4282 tandem
1205 4234 1308 4285 itineris
1320 4240 1395 4287 corui·

190 4326 227 4371 ter
238 4322 383 4371 habuissent

258 4407 303 4456 IX.
322 4422 376 4455 carm
388 4404 493 4455 vidum
504 4421 591 4468 magor
609 4407 688 4468 ipsum
700 4406 844 4455 destituisse
856 4421 901 4454 uec
919 4405 954 4454 ad
971 4421 1025 4455 aeae
1042 4405 1190 4453 revertisse:
1208 4405 1249 4455 its
1261 4406 1318 4467 1³14
1336 4408 1394 4459 sik.

188 4498 218 4543 et
231 4493 300 4542 Thil.
314 4492 402 4543 videns
413 4506 500 4555 magos
511 4491 628 4539 wectari
639 4506 684 4540 nee
696 4492 730 4540 ad
742 4507 795 4540 rese
806 4491 902 4540 reuerti
