2880 5062
462 338 651 391 ANAPnossA
670 338 796 390 PIAA'H.
824 341 854 390 A.
1196 337 1257 399 437

53 498 107 556 καὶ
141 496 292 576 τρέχειμ,
331 490 447 576 ῥήματι
480 490 573 574 μόμομ
605 489 647 553 τὸ
679 489 829 574 ἆσθεμὲσ
863 487 1115 573 ἁωοστμέψασ.
1170 490 1261 553 ἄλλο

55 604 168 688 ωὰλιμ
200 628 230 667 τι
264 606 500 687 δυματώτεμομ
530 597 693 687 ωρᾶγμα,
727 600 816 685 ὄωεμ
841 603 933 684 ἑστῐμ
957 599 1056 685 ωαμὰ
1077 609 1155 665 τοῖσ
1178 601 1259 686 mup'

56 716 133 799 ἑμῖμ
158 716 253 780 θεοῖσ
276 720 387 800 μέμομ·
432 713 661 798 τετμαήμεμομ
685 711 799 797 μεκρὸμ
821 713 1023 798 ἆμέστμσεμ,
1046 711 1149 798 λόγῳ
1166 713 1259 797 μὸμῳ

56 831 217 890 καλέσασ
246 826 366 911 αὖτόμ,
395 821 459 889 τοῦ
483 825 687 911 τεθμεῶτοσ
709 824 769 908 τὸμ
792 828 902 908 ῑχῶμα
926 831 1090 909 ἔχομτοσ,
1121 829 1172 887 καὶ
1194 826 1263 887 δια-

58 940 258 1024 φθαμέμτοσ
282 940 318 1000 ἐκ
340 944 413 1022 τῶμ
433 940 638 1023 ,γεμομέμωμ
663 936 851 1021 σκωλήκωμ
874 931 938 1000 τοῦ
961 941 1129 1019 σώματοσ
1158 933 1263 1000 αὐτοῦ

57 1055 111 1113 καὶ
143 1048 185 1113 τὸ
217 1051 374 1113 δυσῶδεσ
405 1043 471 1113 τοῦ
499 1047 599 1133 κυμὸσ
632 1054 798 1132 ἔχομτοσ·
844 1046 881 1131 ὂμ
905 1049 986 1132 ῐδὼμ
1012 1050 1047 1133 ἐμ
1075 1044 1129 1132 τῷ
1158 1048 1262 1132 τάφῳ

61 1165 213 1245 κείμεμομ
247 1164 429 1246 ἐκέλευσεμ
462 1164 611 1244 τρέχειμ,
644 1161 728 1242 μήτε
761 1158 861 1223 ὅλωσ
894 1154 1009 1244 μεκμοῦ
1040 1184 1070 1223 τι
1103 1166 1263 1244 ἕχομτοσ,

60 1272 135 1335 ἀλλ’
172 1276 228 1335 ὡσ
260 1276 298 1335 ἐκ
328 1266 472 1335 ωαστοῦ
503 1275 646 1356 μυμῲίοσ
678 1269 797 1334 οὕτωσ
829 1265 968 1355 ἑμῖλθεμ
1001 1273 1037 1332 ἐκ
1063 1265 1126 1334 τοῦ
1153 1271 1265 1350 τάᾠου

58 1384 210 1447 εὐωδίασ
233 1387 411 1447 ωλεῖστμσ
433 1387 705 1466 ωεωλμσμέμοσ.

150 1510 252 1574 2Κσιῐ
280 1515 401 1594 μέμουσ
429 1516 559 1594 σαῲὢσ
587 1512 880 1593 δαιμομιζομέμουσ
908 1514 958 1572 καῖ
985 1508 1046 1592 τὲμ
1076 1514 1197 1592 οῖ’κΗσιμ
1226 1510 1262 1592 ἐμ

63 1626 215 1706 ἑμμμίαισ
248 1627 400 1706 ἕχομτασ
432 1626 481 1684 καὶ
511 1620 640 1705 σάμκασ
666 1625 877 1706 τρώγομτασ
904 1620 973 1683 τὰσ
1000 1622 1101 1695 ῑδίασ,
1135 1619 1265 1703 ὀμοίωσ

62 1740 141 1797 τοῖσ
165 1732 317 1817 κτήμεσιμ
341 1738 391 1795 καὶ
415 1738 583 1816 ἑμωετοῑσ
607 1735 1010 1817 συμαμαστμεῲομέμουσ,
1043 1736 1092 1794 καὶ
1115 1731 1266 1796 τοὺτουσ

63 1847 278 1927 κατέστησεμ
308 1843 488 1928 οἷκήτορασ
515 1842 663 1927 ωὸλεωμ
693 1849 743 1906 καὶ
772 1842 823 1907 διὰ
847 1841 957 1928 λόγου
981 1847 1170 1927 σώᾡμομασ
1194 1840 1265 1906 dw-

58 1957 200 2039 έδειμεμ,
233 1955 369 2039 σοφούσ
398 1980 440 2019 τε
468 1961 518 2019 καὶ
547 1954 716 2040 δυματοῦσ
745 1960 794 2018 καὶ
821 1954 980 2039 ἑμδόμουσ
1002 1955 1264 2038 ωαρεσκεὺασεμ

58 2067 236 2151 γεμέσθαι,
261 2068 510 2152 συμεσθίομτᾳσ
532 2062 641 2151 ωᾶσιμ
663 2074 741 2131 τοῖσ
758 2070 945 2150 ωολεμῐοισ
960 2073 1033 2150 τῶμ
1050 2066 1262 2152 ωμευμάτοομ

60 2360 121 2392 cum
140 2357 174 2394 cn
195 2381 225 2394 ..
245 2359 262 2393 Β
279 2346 434 2409 ωαρεῑχεμ,
455 2361 471 2394 A
489 2341 635 2412 ωαρὲχειμ
652 2348 657 2404 Ι
672 2336 732 2411 δύμ.
750 2340 804 2394 τοῦ
823 2358 893 2410 ωερ.
914 2361 933 2393 κ.
952 2340 1031 2410 τρὲχ.
1050 2362 1109 2395 eum
1123 2358 1177 2395 Acn
1198 2381 1227 2395 ..
1248 2358 1265 2392 Β

55 2422 95 2477 τὸ
113 2430 295 2495 ωεριωατεῑμ
312 2433 316 2490 Ι
333 2422 368 2478 τὸ
388 2425 454 2479 ἁσθ.
471 2425 602 2493 ᾱωοστμ.
622 2445 681 2479 cum
699 2442 716 2476 Β
737 2465 765 2479 ..
786 2442 841 2479 Aen
859 2424 906 2494 τῷ
926 2426 1048 2496 ἁσθεμεῖ
1064 2425 1260 2495 ἑωιτμέψασμ

56 2508 136 2563 ἄλλο
156 2532 216 2565 cum
234 2529 261 2575 Β,
281 2517 346 2566 item
365 2529 381 2564 Β
400 2510 470 2577 (ἀλλ
488 2510 541 2564 ὅτε
559 2512 634 2565 δέτι
654 2512 723 2585 hup„
742 2531 758 2566 A
777 2508 884 2585 ᾶλλομ)
905 2553 934 2567 ..
955 2529 970 2566 o
990 2509 1066 2566 ἀλλά
1083 2522 1120 2574 ΙΒ
1138 2533 1180 2567 om
1198 2517 1265 2566 τοῖσ

56 2595 135 2664 ωαρ’
158 2594 207 2666 ἐμ.
223 2602 228 2657 Ι
243 2613 260 2648 Β
279 2601 454 2667 τεταρταῖομ
474 2593 656 2667 ἁμαστήσασ
672 2602 676 2664 Ι
691 2592 777 2663 λόγῳ
795 2633 804 2642 .
823 2596 1044 2668 διαψθομέμτοσ
1062 2600 1134 2664 (cod.
1154 2605 1236 2662 ·τασ)
1255 2632 1263 2642 .

60 2679 151 2753 κυμὸσ
170 2685 241 2748 (cod,
261 2682 360 2754 κυμοῦ)
383 2683 515 2754 ἑχομτοσ
538 2687 609 2750 (eod.
629 2689 708 2747 -τασ)
732 2703 791 2736 cum
810 2700 826 2734 Β
847 2722 877 2736 ..
902 2699 957 2737 Aon
975 2679 1061 2751 λόγῳ
1085 2687 1114 2750 (A
1134 2684 1166 2754 ἐμ
1185 2681 1262 2751 λόγ.)

58 2765 146 2840 μόμῳ
167 2773 196 2835 (A
216 2765 322 2841 μόμομ)
343 2770 473 2822 καλέσασ
491 2768 585 2822 αὐτοῦ
605 2773 663 2837 (Aed
676 2789 695 2822 Β
713 2765 818 2840 αῦτόμ)
836 2769 891 2821 τοῦ
908 2769 1085 2840 τεθμεώτοσ
1101 2768 1136 2821 τὸ
1155 2766 1262 2842 ὄμομα,

57 2857 100 2908 καὶ
121 2852 214 2926 αῡτόμ
233 2854 288 2927 τὸμ
306 2857 401 2926 ἰχῶρα
419 2856 621 2926 ὁιαῲθαρὲμτα
640 2860 669 2922 (A
682 2856 857 2926 ὸιὲῲθειρεμ)
876 2854 939 2908 fimf>
954 2856 1019 2927 τώμ
1037 2851 1202 2931 σκῳλήκωμ
1221 2857 1262 2909 καὶ

58 2941 94 2996 τὸ
114 2942 250 2996 δυσώδεα
268 2944 324 2997 τοῦ
343 2942 432 3013 κυμόσ
456 2949 503 3013 (cn
523 2943 633 3016 κοιμοῦ)
653 2943 785 3015 ἑχομτοσ
805 2949 834 3005 (A
854 2942 978 3013 ἐχομτα)
1003 2952 1007 3006 Ι
1031 2943 1078 3016 ἐμι
1102 2962 1175 2999 Auen
1194 2966 1236 2999 om
1256 2945 1261 3013 Ι

58 3027 190 3080 ἑκὲλευσ.
209 3028 287 3096 τρὲχ.
311 3048 369 3082 cum
389 3046 444 3083 Acn
469 3069 476 3082 .
497 3069 503 3082 .
527 3046 544 3081 Β
568 3029 678 3100 τοῦτομ
701 3024 788 3096 λόγῳ
812 3027 982 3099 ἁμὲστΗσεμ
1008 3029 1048 3081 καί
1070 3029 1183 3100 τρὲχειμ
1202 3028 1261 3083 ἐκέ-

58 3123 169 3186 λευσεμ
190 3119 194 3182 Ι
216 3133 288 3169 nom
308 3112 385 3187 μήτε
404 3114 447 3170 ὄλ.
465 3153 474 3162 .
494 3115 624 3187 ἓχομτοσ
643 3120 672 3182 (A
692 3120 752 3183 -τα)
768 3120 772 3181 Ι
789 3114 851 3168 ἀλλ’
867 3117 915 3167 ὠσ
934 3155 964 3170 ..
985 3135 1001 3170 Β
1021 3117 1062 3168 καὶ
1080 3119 1127 3168 doc
1142 3122 1146 3183 Ι
1162 3133 1179 3169 A
1194 3136 1261 3188 μυμ-

58 3197 174 3270 ῲῶμοσ
192 3207 221 3253 et
238 3199 359 3270 ἐμῖλθεμ
379 3206 384 3264 Ι
408 3218 425 3253 Β
444 3197 601 3271 ἑμελθόμτα
625 3210 630 3265 Ι
654 3217 671 3252 Β
690 3199 732 3252 εὐ.
749 3207 803 3252 um
821 3199 1077 3271 ωεωλμμωμὲμοσ
1097 3241 1103 3253 .
1123 3242 1129 3255 .
1150 3219 1167 3254 A
1186 3201 1261 3254 εῦω·

57 3284 122 3354 ὁῐαμ
141 3285 291 3357 ωλεῑστΗμ
312 3285 495 3357 κεκτημέμοσ

144 3398 169 3444 2.
206 3392 260 3444 Καὶ
277 3409 332 3462 μεμ.
352 3393 425 3462 σαψ.
444 3394 473 3457 (A
493 3392 535 3444 καὶ
555 3387 681 3461 κωῲούσ
698 3410 745 3460 pro
765 3392 849 3461 σαψ.)
868 3391 944 3446 ὅσια.
962 3411 1020 3446 cum
1037 3407 1085 3452 cn,
1113 3397 1180 3446 item
1197 3410 1259 3448 A..

55 3493 74 3529 Β
100 3478 142 3528 καὶ
167 3476 252 3547 ζὲμομ
276 3476 364 3547 εἷωεμ
390 3477 512 3547 ἔτερομ·
547 3476 633 3549 τιμάσ
657 3478 792 3548 δαιμομιῑ.
810 3481 964 3549 ωομηρῶσ
987 3480 1058 3542 (eod.
1082 3475 1159 3547 μόσ)
1186 3482 1191 3546 1
1219 3480 1260 3531 καί

56 3560 115 3634 τιὶμ
144 3568 173 3631 (A
196 3568 272 3631 τοῖσ)
301 3567 393 3617 οἵκΗσ.
418 3568 447 3631 (Β
472 3564 587 3631 κατοίκ.)
610 3569 614 3629 Ι
642 3567 683 3618 καὶ
708 3562 820 3634 σάρκασ
847 3571 899 3630 (ita
920 3568 968 3632 cn)
994 3566 1085 3633 τρὼγ.
1104 3563 1163 3618 τὰσ
1186 3566 1261 3620 ῑόίασ

56 3653 86 3714 (c
106 3647 163 3721 τήμ
183 3649 267 3722 ῑὸίαμ)
286 3671 344 3704 cum
363 3668 400 3705 cn
419 3689 448 3704 ..
469 3668 486 3703 A
506 3652 547 3703 καὶ
568 3648 658 3719 σάρκα
676 3650 849 3721 τρέψομτασ
867 3648 923 3723 τὴμ
942 3650 1032 3721 ῐόεἰαμ
1052 3691 1078 3705 ..
1097 3669 1114 3703 Β
1133 3656 1187 3718 (om
1207 3654 1260 3716 καὶ)

58 3729 288 3802 σαρκοτρόῲουσ
310 3738 374 3806 τῶμ
398 3735 478 3805 ῑὸῑωμ
503 3730 599 3804 ὅμτασ
620 3731 697 3786 τοὺσ
720 3731 892 3806 κάμμομτασ
916 3739 920 3801 Ι
945 3734 1061 3805 ὁμοῑωσ
1083 3741 1149 3787 τοῖσ
1167 3772 1175 3782 .
1194 3754 1260 3809 συμ-

57 3819 226 3889 αμαστρεῲ.
247 3823 273 3885 (c
293 3820 510 3891 συμαματρεῴ.)
535 3840 593 3874 cnm
616 3836 652 3874 Βο
678 3863 684 3875 .
707 3861 713 3874 .
737 3837 755 3872 Β
775 3822 816 3873 καί
840 3821 982 3891 ἑρωετῶμ
1005 3820 1047 3873 καὶ
1067 3821 1176 3893 θηρὶωμ
1197 3839 1260 3892 συρ-

56 3903 350 3975 σμαστμεῲομὲμουσ
370 3905 402 3975 ἐμ
422 3909 489 3957 ταῖσ
506 3904 593 3957 ὕλαισ
621 3943 628 3958 .
652 3943 660 3958 .
690 3921 706 3957 A
725 3904 843 3975 ὁμοίωσ
860 3908 926 3957 τοῖσ
948 3923 987 3959 κτ.
1007 3924 1028 3958 κ.
1046 3906 1114 3974 ἐμω.
1134 3924 1260 3978 συμαμα-

57 3987 162 4057 στρέῴ.
179 3989 183 4052 Ι
200 3987 242 4038 καὶ
258 3989 284 4052 (A
300 4009 390 4056 praem
405 3990 509 4041 ἵλεουσ
528 3985 634 4059 ὄμτασ)
648 3986 781 4041 τούτουσ
793 4025 801 4034 -
814 3988 968 4061 ἁωὲὁειμεμ
989 3993 1018 4056 (A
1030 3987 1120 4061 ἁμὲὁ.,
1139 4009 1158 4044 Β
1170 3992 1259 4045 ὺωέδ.

55 4070 185 4140 αὐτούσ)
204 4075 277 4144 σοῴ.
292 4092 325 4127 τε
345 4080 423 4143 (haec
442 4095 460 4130 Β
480 4078 535 4142 om)
554 4111 562 4120 -
581 4092 707 4144 ωαρεσκ.
726 4078 756 4140 (A
767 4072 987 4147 ωαρεκάλεσεμ)
1000 4076 1119 4147 γεμὲσθ.
1134 4098 1191 4132 eum
1206 4095 1261 4133 onA

58 4201 87 4215 ..
109 4179 125 4213 Β
145 4162 188 4215 καὶ
206 4157 289 4216 τούτ.
310 4161 355 4215 διὰ
373 4164 468 4231 λόγου
486 4163 655 4235 σώφρομασ
674 4163 831 4235 ἁμὲδειμεμ,
853 4165 975 4234 σοῲούσ
995 4182 1029 4217 τε
1052 4167 1093 4218 καὶ
1113 4163 1262 4237 συμετοὺσ

56 4248 245 4319 κατέστησεμ
265 4250 306 4301 καὶ
325 4249 475 4320 ἐωοὶκσεμ
496 4246 654 4316 οῑκὴτορασ
672 4249 815 4320 ωόλεωμ,
845 4250 886 4301 καί
905 4249 1045 4320 ἑμὸόμουσ
1061 4251 1179 4322 γεμὲσθ.
1199 4268 1260 4304 ωα-

54 4335 242 4404 ρασκεύασεμ
267 4338 330 4401 (Aio)
358 4339 362 4403 1
391 4335 512 4407 συμεσθ.
535 4339 564 4401 (A
583 4336 688 4404 -σθιομ)
710 4334 806 4405 ωᾶσιμ
832 4338 898 4386 τοῖσ
926 4339 954 4400 (A
971 4332 1148 4406 ωὰμωασιμ)
1165 4344 1260 4387 111er-

56 4420 134 4491 μίοισ
158 4424 188 4483 (A
214 4421 327 4490 -μίουσ)
349 4438 377 4474 τ.
396 4437 452 4490 ωμ.
474 4424 537 4490 τῶμ
561 4425 592 4487 (A
612 4421 665 4486 καὶ)
690 4419 735 4472 dx.
754 4423 819 4488 τῶμ
843 4424 870 4486 (c
888 4425 943 4486 om)
971 4455 980 4464 ·
1007 4416 1026 4472 ἃ
1049 4422 1076 4486 (0
1096 4424 1150 4481 810,
1169 4438 1186 4474 A
1205 4425 1260 4489 om)
