2880 5062
185 364 273 408 xxrv
653 342 925 400 PROLEGOMENA.

185 504 272 562 runt
325 497 402 563 Hoc
439 497 473 561 in
510 518 630 563 caussa
665 497 767 562 irrisae
799 497 929 564 videtur
965 512 1024 562 cur
1060 498 1093 561 in
1125 496 1246 563 celebri
1278 498 1385 564 edicto

186 609 317 678 Gelasii
348 629 414 674 non
444 609 541 674 modo
572 610 757 694 eeaapeliam
790 609 871 690 sive,
902 617 939 674 ut
965 610 1001 674 in
1028 609 1103 675 aliis
1131 609 1299 675 codicibus
1328 617 1386 693 est,

84 808 87 815 Ι
186 721 340 805 eoaapeiia
367 725 485 784 nomiae
509 722 614 786 Iacobi
641 727 674 786 et
700 723 855 806 evanqclia
883 726 1000 785 nomiae
1027 723 1176 802 Thorace,
1209 722 1267 787 sed
1293 743 1387 805 prae·

185 836 277 896 terea
305 833 406 897 etiam
433 833 507 896 iiber
534 836 570 896 de
598 837 731 918 infantia
758 825 1052 915 salutaremque
1074 833 1155 898 item
1177 835 1251 896 liber
1272 835 1309 895 de
1331 856 1385 897 aa·

185 947 297 1007 ticitate
322 945 493 1009 Saloutaria
514 955 544 1008 et
563 948 599 1008 de
620 944 730 1009 Maria
752 946 800 1008 vei
819 946 971 1009 obstetrice
996 945 1032 1009 in
1055 944 1252 1028 apocryphis
1274 964 1386 1009 recen·

186 1059 299 1119 santur
310 1056 346 1136 ¹).
391 1055 486 1140 Quae
510 1057 674 1121 sententia
697 1056 858 1139 probatur
880 1056 1010 1120 ratione
1032 1054 1191 1120 librorum
1206 1055 1385 1133 latinorum

187 1165 244 1248 qui
266 1166 309 1230 ad
332 1172 475 1232 aetatem
497 1173 645 1246 nostram
660 1173 896 1249 pervenerunt:
920 1187 1034 1232 eorum
1049 1167 1137 1231 enim
1152 1167 1262 1231 nullus
1277 1167 1385 1249 ipsum

103 1341 108 1351 ,
184 1277 304 1342 Iacobi
327 1277 531 1361 evangelium
553 1284 708 1344 accurate
730 1299 862 1345 versum
884 1279 1043 1360 continet,
1073 1279 1131 1343 scd
1153 1277 1315 1343 eiusmodi
1336 1299 1385 1341 re-

185 1391 405 1455 tractationes
415 1411 500 1472 quae
516 1390 612 1466 modo
621 1391 719 1473 plura
734 1391 831 1458 modo
840 1391 999 1474 pauciora
1012 1389 1301 1473 comprehendant,
1311 1388 1386 1454 aliis

185 1499 224 1566 de
249 1501 388 1566 coneilio
413 1500 549 1584 additis,
577 1500 651 1567 aliis
673 1508 770 1567 caute
793 1501 927 1581 demtis,
954 1501 1029 1566 aliis
1050 1522 1110 1584 per
1131 1500 1240 1566 lusum
1262 1500 1389 1587 ingenii,

185 1611 404 1694 exaggeratis,
420 1632 576 1694 graecum
590 1617 717 1678 textum
733 1614 838 1697 magis
852 1613 1039 1677 imitatione
1055 1613 1275 1695 exprimentes
1285 1633 1386 1694 quam

184 1722 293 1805 ipsum
315 1722 501 1788 reddentes.

271 1831 445 1918 Quadrant
465 1834 548 1900 haec
568 1835 603 1898 in
619 1841 796 1917 utrumque
810 1833 999 1899 libellorum
1014 1856 1101 1899 nunc
1116 1835 1224 1917 ipsum
1247 1856 1267 1899 a
1289 1834 1385 1899 nobis

186 1944 364 2026 editorum,
394 1966 537 2028 quorum
561 1947 645 2011 alter
668 1946 775 2030 qualis
802 1967 890 2010 nunc
917 1951 968 2010 est
995 1946 1136 2028 primum
1164 1951 1279 2010 nostra
1308 1966 1387 2010 cura

185 2055 304 2139 prodit,
328 2057 414 2121 alter
437 2056 559 2123 dudum
581 2078 602 2122 a
622 2057 773 2141 pluribus
797 2040 904 2121 editus
926 2063 984 2121 est.
1027 2056 1178 2121 Primum
1199 2057 1387 2121 accuratius

186 2165 226 2232 de
260 2166 316 2232 illo
346 2168 534 2252 videamus,
570 2191 668 2253 quem
700 2167 1095 2234 Pseudo-Matthaei
1133 2168 1387 2251 evangelium

186 2276 335 2343 diximus.
373 2280 494 2345 Priora
517 2281 587 2346 eius
605 2281 717 2365 capita
732 2281 850 2364 viginti
866 2285 1010 2364 quatuor
1032 2280 1100 2344 iam
1121 2283 1199 2344 ante
1220 2300 1272 2344 me
1288 2278 1387 2345 Thilo

186 2389 290 2469 edidit
317 2412 358 2454 ex
385 2390 496 2456 codice
520 2392 717 2472 Parisiensi,
745 2392 838 2457 cuius
867 2392 991 2456 mentio
1019 2390 1119 2456 etiam
1146 2390 1235 2474 apud
1257 2389 1389 2456 Cotele·

184 2500 306 2583 rium³)
336 2501 425 2567 facta
453 2508 516 2583 est,
546 2503 605 2567 sub
633 2504 731 2567 titulo
754 2502 913 2568 historiae
937 2502 976 2568 de
999 2502 1174 2567 nativitate
1197 2500 1332 2566 Mariae
1355 2509 1388 2568 et

184 2612 225 2677 de
252 2611 395 2679 infantia
418 2613 609 2681 Salvatoris.
653 2614 711 2679 Ab
739 2613 865 2679 edendo
893 2614 959 2678 alio
988 2611 1134 2679 eiusdem
1161 2612 1387 2679 bibliothecae

184 2723 296 2789 codice
320 2725 376 2807 qui
404 2725 446 2790 ad
474 2726 579 2790 nostri
608 2731 718 2791 textus
747 2731 780 2791 et
803 2724 963 2790 ambitum
992 2731 1025 2789 et
1047 2724 1218 2810 {rationem
1248 2725 1389 2808 propius

184 2834 320 2919 accedit,
342 2837 508 2902 abstinere
530 2837 659 2918 maluit,
683 2858 784 2926 quum
807 2857 880 2901 eam
901 2834 943 2900 ob
960 2856 1111 2900 caussam
1127 2834 1215 2918 quod
1236 2835 1390 2917 „fabulas

184 2968 320 3029 graecas
345 2948 470 3030 partim
496 2947 539 3012 ab
564 2954 703 3029 ¹auctore
731 2949 799 3012 sive
829 2948 1012 3030 interprete
1043 2944 1148 3011 latino
1179 2947 1388 3029 ineptissime

183 3057 402 3140 amplificatas
430 3059 544 3138 vidit,“
575 3064 645 3123 tum
673 3057 763 3143 quod
791 3058 903 3142 „haud
930 3078 1055 3141 paucos
1081 3056 1176 3122 locos
1195 3079 1216 3122 a
1237 3058 1389 3124 librariis

184 3169 234 3232 ita
256 3167 452 3251 depravatos
480 3170 616 3236 offendit
639 3177 677 3234 ut
700 3192 831 3236 sensum
853 3170 1090 3235 verborumne
1112 3167 1292 3234 divinando
1317 3172 1390 3254 qui·

185 3278 260 3345 dem
290 3282 420 3363 assequi
451 3285 596 3364 posset.“
648 3280 719 3346 Nos
747 3302 825 3347 vero
854 3302 955 3364 quum
985 3281 1020 3345 in
1047 3280 1170 3345 itinere
1202 3280 1320 3348 italico
1354 3284 1389 3348 in

186 3388 268 3455 duos
294 3391 522 3458 incidissemus
549 3390 679 3457 codices
703 3391 842 3457 eundem
864 3391 985 3456 librum
1006 3393 1131 3475 passim
1155 3391 1290 3474 quidem
1312 3415 1387 3459 cum

185 3522 313 3584 magna·
336 3508 448 3568 textus
479 3502 665 3569 differentia
700 3503 922 3584 continentes,
960 3509 1137 3586 utrumque
1170 3504 1299 3568 curiose
1333 3504 1385 3570 dc·

185 3613 377 3693 scripsimus
408 3620 510 3698 atque
542 3635 631 3680 nunc
658 3613 836 3680 edidimus:
867 3615 1022 3679 nimirum
1053 3613 1239 3679 fabularum
1271 3616 1385 3699 ampli·

272 3818 294 3884 ¹)
313 3820 354 3871 Cf.
368 3820 499 3872 Crednerr
518 3823 569 3872 Zur
587 3823 751 3873 Geeohiohte
770 3822 817 3873 dee
836 3822 1180 3888 Kenona,pag'.215.2170
1213 3823 1325 3874 Decreti
1339 3824 1385 3874 Ge-

185 3907 283 3957 lesieni
305 3907 335 3969 §§
353 3908 371 3956 9
390 3914 418 3958 et
438 3909 479 3958 16.

270 3991 353 4056 ¹)Cf.
372 3994 406 4045 ed
426 3993 543 4045 constit.
562 3999 652 4060 apost.
667 3995 717 4054 v1,
737 3995 779 4046 17.
813 3995 871 4045 Non
893 3996 958 4044 enin
980 3995 1298 4045 maturescentem
1317 3996 1385 4045 dece

188 4081 336 4131 Smctorie
358 4081 497 4148 infantiam
520 4082 673 4132 comminisci
696 4081 745 4132 eiii
764 4082 898 4145 pmieit,
924 4081 969 4130 sed
986 4081 1096 4130 sindesi
1119 4079 1151 4142 (i.
1170 4095 1193 4130 e.
1213 4080 1384 4140 Pericleneiei

186 4167 351 4217 bibliothecae
373 4169 458 4218 codiee
476 4168 553 4218 2276.
579 4168 674 4233 layum
698 4168 800 4232 Incipit
823 4169 936 4218 historia
955 4167 988 4217 de
1007 4167 1126 4216 loeehim
1145 4173 1174 4217 et
1192 4168 1282 4226 Anna,
1308 4168 1385 4218 etde

187 4255 332 4305 nativitate
356 4255 381 4305 b.
400 4255 444 4304 dei
468 4255 610 4320 genitricis
632 4270 789 4320 semperque
811 4255 937 4320 virginis,
962 4258 991 4304 et
1009 4253 1042 4303 de
1064 4253 1182 4303 infantie
1201 4253 1385 4304 salvatorio.-

186 4338 278 4388 Oodice
295 4355 354 4388 cero
373 4340 449 4390 1697.
473 4343 559 4389 witot
580 4339 645 4388 liber
664 4344 784 4403 tanquam
803 4339 933 4388 Matthaei
954 4337 1125 4401 ecmeiietae
1148 4336 1181 4386 de
1199 4337 1318 4388 infantie
1336 4339 1386 4388 nl·

187 4424 296 4482 vetoris,
314 4425 475 4474 amotionis
492 4441 546 4474 eam
559 4424 771 4488 praecedentibus
784 4423 883 4488 param
900 4422 993 4472 emita
1006 4423 1106 4485 partiar
1123 4421 1257 4472 dieeimlis
1274 4428 1329 4473 etc.
