<?xml version="1.0" encoding="UTF-8"?>
<!DOCTYPE html PUBLIC "-//W3C//DTD XHTML 1.0 Transitional//EN"
    "http://www.w3.org/TR/xhtml1/DTD/xhtml1-transitional.dtd">
<html xmlns="http://www.w3.org/1999/xhtml" xml:lang="en" lang="en">
 <head>
  <title>
</title>
<meta http-equiv="Content-Type" content="text/html;charset=utf-8" />
  <meta name='ocr-system' content='tesseract 3.04.00' />
  <meta name='ocr-capabilities' content='ocr_page ocr_carea ocr_par ocr_line ocrx_word'/>
</head>
<body>
  <div class='ocr_page' id='page_1' title='image "./evangeliaapocry01tiscgoog_0585.png"; bbox 0 0 2880 5062; ppageno 0'>
   <div class='ocr_carea' id='block_1_1' title="bbox 117 319 925 412">
    <p class='ocr_par' dir='ltr' id='par_1_1' title="bbox 117 319 925 412">
     <span class='ocr_line' id='line_1_1' title="bbox 117 319 925 412; baseline -0.009 0"><span class='ocrx_word' id='word_1_1' title='bbox 117 319 180 412; x_wconf 70' lang='lat' dir='ltr'>4l2</span> <span class='ocrx_word' id='word_1_2' title='bbox 511 353 680 404; x_wconf 82' lang='lat' dir='ltr'>vmmcra</span> <span class='ocrx_word' id='word_1_3' title='bbox 699 354 925 406; x_wconf 78' lang='lat' dir='ltr'>ssuvsroars</span> 
     </span>
    </p>
   </div>
   <div class='ocr_carea' id='block_1_2' title="bbox 118 501 1354 1723">
    <p class='ocr_par' dir='ltr' id='par_1_2' title="bbox 118 501 1354 1723">
     <span class='ocr_line' id='line_1_2' title="bbox 118 501 1306 572; baseline 0.004 -6"><span class='ocrx_word' id='word_1_4' title='bbox 118 503 235 567; x_wconf 92' lang='lat' dir='ltr'>urbem</span> <span class='ocrx_word' id='word_1_5' title='bbox 258 501 454 568; x_wconf 85' lang='lat' dir='ltr'><strong>Romanam.</strong></span> <span class='ocrx_word' id='word_1_6' title='bbox 498 505 583 569; x_wconf 82' lang='lat' dir='ltr'><strong>Erat</strong></span> <span class='ocrx_word' id='word_1_7' title='bbox 611 510 723 570; x_wconf 85' lang='lat' dir='ltr'>autem</span> <span class='ocrx_word' id='word_1_8' title='bbox 745 504 900 571; x_wconf 86' lang='lat' dir='ltr'>Tiberius</span> <span class='ocrx_word' id='word_1_9' title='bbox 928 507 1065 571; x_wconf 86' lang='lat' dir='ltr'>insanus</span> <span class='ocrx_word' id='word_1_10' title='bbox 1093 511 1129 571; x_wconf 86' lang='lat' dir='ltr'>et</span> <span class='ocrx_word' id='word_1_11' title='bbox 1153 505 1306 572; x_wconf 84' lang='lat' dir='ltr'>ulceribus</span> 
     </span>
     <span class='ocr_line' id='line_1_3' title="bbox 120 606 1307 692; baseline 0.006 -22"><span class='ocrx_word' id='word_1_12' title='bbox 120 612 154 671; x_wconf 91' lang='lat' dir='ltr'>et</span> <span class='ocrx_word' id='word_1_13' title='bbox 181 606 325 671; x_wconf 82' lang='lat' dir='ltr'>febribus</span> <span class='ocrx_word' id='word_1_14' title='bbox 352 608 482 690; x_wconf 79' lang='lat' dir='ltr'>plenae,</span> <span class='ocrx_word' id='word_1_15' title='bbox 515 629 698 692; x_wconf 82' lang='lat' dir='ltr'>novemque</span> <span class='ocrx_word' id='word_1_16' title='bbox 727 631 850 692; x_wconf 83' lang='lat' dir='ltr'>genera</span> <span class='ocrx_word' id='word_1_17' title='bbox 877 611 989 692; x_wconf 91' lang='lat' dir='ltr'>leprae</span> <span class='ocrx_word' id='word_1_18' title='bbox 1018 610 1176 676; x_wconf 78' lang='lat' dir='ltr'>habebat</span> <span class='ocrx_word' id='word_1_19' title='bbox 1225 611 1307 678; x_wconf 74' lang='lat' dir='ltr'>&#39;Vo-</span> 
     </span>
     <span class='ocr_line' id='line_1_4' title="bbox 119 707 1307 796; baseline 0.006 -26"><span class='ocrx_word' id='word_1_20' title='bbox 119 707 247 790; x_wconf 88' lang='lat' dir='ltr'>luitque</span> <span class='ocrx_word' id='word_1_21' title='bbox 270 708 408 774; x_wconf 86' lang='lat' dir='ltr'>Nathan</span> <span class='ocrx_word' id='word_1_22' title='bbox 430 709 472 774; x_wconf 93' lang='lat' dir='ltr'>ad</span> <span class='ocrx_word' id='word_1_23' title='bbox 494 711 611 775; x_wconf 91' lang='lat' dir='ltr'>urbem</span> <span class='ocrx_word' id='word_1_24' title='bbox 633 710 819 777; x_wconf 79' lang='lat' dir='ltr'><strong>Romanam</strong></span> <span class='ocrx_word' id='word_1_25' title='bbox 840 733 987 796; x_wconf 80' lang='lat' dir='ltr'>pergere.</span> <span class='ocrx_word' id='word_1_26' title='bbox 1032 711 1223 777; x_wconf 77' lang='lat' dir='ltr'>Insufflavit</span> <span class='ocrx_word' id='word_1_27' title='bbox 1244 735 1307 777; x_wconf 77' lang='lat' dir='ltr'>vero</span> 
     </span>
     <span class='ocr_line' id='line_1_5' title="bbox 121 814 1354 903; baseline 0.002 -27"><span class='ocrx_word' id='word_1_28' title='bbox 121 818 236 903; x_wconf 80' lang='lat' dir='ltr'>ventus</span> <span class='ocrx_word' id='word_1_29' title='bbox 265 815 533 897; x_wconf 87' lang='lat' dir='ltr'>septentrionalis</span> <span class='ocrx_word' id='word_1_30' title='bbox 557 822 590 879; x_wconf 89' lang='lat' dir='ltr'>et</span> <span class='ocrx_word' id='word_1_31' title='bbox 612 815 784 898; x_wconf 75' lang='lat' dir='ltr'>impedivit</span> <span class='ocrx_word' id='word_1_32' title='bbox 805 815 974 898; x_wconf 83' lang='lat' dir='ltr'>navigium</span> <span class='ocrx_word' id='word_1_33' title='bbox 996 814 1103 894; x_wconf 87' lang='lat' dir='ltr'>illius,</span> <span class='ocrx_word' id='word_1_34' title='bbox 1132 821 1166 879; x_wconf 91' lang='lat' dir='ltr'>et</span> <span class='ocrx_word' id='word_1_35' title='bbox 1188 814 1309 879; x_wconf 84' lang='lat' dir='ltr'>deduxit</span> <span class='ocrx_word' id='word_1_36' title='bbox 1350 854 1354 868; x_wconf 85' lang='lat'><strong>·</strong></span> 
     </span>
     <span class='ocr_line' id='line_1_6' title="bbox 122 916 1307 998; baseline 0.001 -19"><span class='ocrx_word' id='word_1_37' title='bbox 122 935 196 979; x_wconf 92' lang='lat' dir='ltr'>eum</span> <span class='ocrx_word' id='word_1_38' title='bbox 225 916 267 979; x_wconf 91' lang='lat' dir='ltr'>ad</span> <span class='ocrx_word' id='word_1_39' title='bbox 295 922 428 998; x_wconf 91' lang='lat' dir='ltr'>portum</span> <span class='ocrx_word' id='word_1_40' title='bbox 450 916 567 982; x_wconf 89' lang='lat' dir='ltr'>Libiae</span> <span class='ocrx_word' id='word_1_41' title='bbox 596 918 749 984; x_wconf 83' lang='lat' dir='ltr'>civitatis.</span> <span class='ocrx_word' id='word_1_42' title='bbox 793 917 920 984; x_wconf 84' lang='lat' dir='ltr'>Videas</span> <span class='ocrx_word' id='word_1_43' title='bbox 947 922 1057 982; x_wconf 90' lang='lat' dir='ltr'>autem</span> <span class='ocrx_word' id='word_1_44' title='bbox 1080 916 1180 981; x_wconf 80' lang='lat' dir='ltr'>Titus</span> <span class='ocrx_word' id='word_1_45' title='bbox 1207 938 1307 982; x_wconf 77' lang='lat' dir='ltr'>narem</span> 
     </span>
     <span class='ocr_line' id='line_1_7' title="bbox 121 1018 1309 1103; baseline 0.003 -24"><span class='ocrx_word' id='word_1_46' title='bbox 121 1018 306 1083; x_wconf 83' lang='lat' dir='ltr'>venientem</span> <span class='ocrx_word' id='word_1_47' title='bbox 335 1021 491 1102; x_wconf 82' lang='lat' dir='ltr'>cognovit</span> <span class='ocrx_word' id='word_1_48' title='bbox 520 1020 607 1103; x_wconf 92' lang='lat' dir='ltr'>quod</span> <span class='ocrx_word' id='word_1_49' title='bbox 636 1021 675 1086; x_wconf 86' lang='lat' dir='ltr'>de</span> <span class='ocrx_word' id='word_1_50' title='bbox 703 1020 829 1085; x_wconf 89' lang='lat' dir='ltr'>Iudaea</span> <span class='ocrx_word' id='word_1_51' title='bbox 859 1026 964 1086; x_wconf 88' lang='lat' dir='ltr'>esset:</span> <span class='ocrx_word' id='word_1_52' title='bbox 996 1027 1031 1084; x_wconf 88' lang='lat' dir='ltr'>et</span> <span class='ocrx_word' id='word_1_53' title='bbox 1060 1019 1218 1084; x_wconf 85' lang='lat' dir='ltr'>admirati</span> <span class='ocrx_word' id='word_1_54' title='bbox 1248 1024 1309 1083; x_wconf 80' lang='lat' dir='ltr'>sunt</span> 
     </span>
     <span class='ocr_line' id='line_1_8' title="bbox 124 1121 1309 1206; baseline 0.001 -22"><span class='ocrx_word' id='word_1_55' title='bbox 124 1140 237 1186; x_wconf 87' lang='lat' dir='ltr'>omnes</span> <span class='ocrx_word' id='word_1_56' title='bbox 261 1128 294 1185; x_wconf 88' lang='lat' dir='ltr'>et</span> <span class='ocrx_word' id='word_1_57' title='bbox 317 1121 470 1187; x_wconf 83' lang='lat' dir='ltr'>dixerunt</span> <span class='ocrx_word' id='word_1_58' title='bbox 492 1122 581 1206; x_wconf 91' lang='lat' dir='ltr'>quod</span> <span class='ocrx_word' id='word_1_59' title='bbox 604 1145 773 1206; x_wconf 89' lang='lat' dir='ltr'>nunquam</span> <span class='ocrx_word' id='word_1_60' title='bbox 795 1122 945 1188; x_wconf 79' lang='lat' dir='ltr'>viderant</span> <span class='ocrx_word' id='word_1_61' title='bbox 967 1122 1107 1206; x_wconf 87' lang='lat' dir='ltr'>aliquod</span> <span class='ocrx_word' id='word_1_62' title='bbox 1128 1122 1254 1205; x_wconf 85' lang='lat' dir='ltr'>lignum</span> <span class='ocrx_word' id='word_1_63' title='bbox 1273 1124 1309 1185; x_wconf 92' lang='lat' dir='ltr'>sic</span> 
     </span>
     <span class='ocr_line' id='line_1_9' title="bbox 124 1213 1309 1304; baseline 0.001 -17"><span class='ocrx_word' id='word_1_64' title='bbox 124 1223 200 1288; x_wconf 89' lang='lat' dir='ltr'>inde</span> <span class='ocrx_word' id='word_1_65' title='bbox 228 1213 365 1290; x_wconf 78' lang='lat' dir='ltr'>venisse.</span> <span class='ocrx_word' id='word_1_66' title='bbox 409 1227 547 1291; x_wconf 75' lang='lat' dir='ltr'>⁴Iussit</span> <span class='ocrx_word' id='word_1_67' title='bbox 575 1234 685 1293; x_wconf 91' lang='lat' dir='ltr'>autem</span> <span class='ocrx_word' id='word_1_68' title='bbox 714 1226 810 1292; x_wconf 80' lang='lat' dir='ltr'>Titus</span> <span class='ocrx_word' id='word_1_69' title='bbox 842 1226 1034 1291; x_wconf 86' lang='lat' dir='ltr'>nauclerum</span> <span class='ocrx_word' id='word_1_70' title='bbox 1061 1225 1178 1290; x_wconf 85' lang='lat' dir='ltr'>venire</span> <span class='ocrx_word' id='word_1_71' title='bbox 1210 1223 1249 1290; x_wconf 83' lang='lat' dir='ltr'>ad</span> <span class='ocrx_word' id='word_1_72' title='bbox 1276 1246 1309 1304; x_wconf 86' lang='lat' dir='ltr'>se,</span> 
     </span>
     <span class='ocr_line' id='line_1_10' title="bbox 124 1329 1309 1414; baseline 0 -22"><span class='ocrx_word' id='word_1_73' title='bbox 124 1335 157 1392; x_wconf 89' lang='lat' dir='ltr'>et</span> <span class='ocrx_word' id='word_1_74' title='bbox 193 1329 409 1414; x_wconf 83' lang='lat' dir='ltr'>interrogavit</span> <span class='ocrx_word' id='word_1_75' title='bbox 440 1331 593 1413; x_wconf 89' lang='lat' dir='ltr'>quisnam</span> <span class='ocrx_word' id='word_1_76' title='bbox 630 1336 726 1396; x_wconf 86' lang='lat' dir='ltr'>esset.</span> <span class='ocrx_word' id='word_1_77' title='bbox 785 1330 832 1395; x_wconf 85' lang='lat' dir='ltr'>Et</span> <span class='ocrx_word' id='word_1_78' title='bbox 863 1329 948 1395; x_wconf 84' lang='lat' dir='ltr'>dixit</span> <span class='ocrx_word' id='word_1_79' title='bbox 977 1329 1051 1413; x_wconf 83' lang='lat' dir='ltr'>Ego</span> <span class='ocrx_word' id='word_1_80' title='bbox 1085 1351 1161 1394; x_wconf 87' lang='lat' dir='ltr'>sum</span> <span class='ocrx_word' id='word_1_81' title='bbox 1192 1329 1309 1393; x_wconf 82' lang='lat' dir='ltr'>Nathan</span> 
     </span>
     <span class='ocr_line' id='line_1_11' title="bbox 124 1432 1310 1518; baseline 0.001 -23"><span class='ocrx_word' id='word_1_82' title='bbox 124 1432 212 1498; x_wconf 87' lang='lat' dir='ltr'>filius</span> <span class='ocrx_word' id='word_1_83' title='bbox 239 1432 351 1499; x_wconf 87' lang='lat' dir='ltr'>Naum</span> <span class='ocrx_word' id='word_1_84' title='bbox 379 1434 418 1500; x_wconf 94' lang='lat' dir='ltr'>de</span> <span class='ocrx_word' id='word_1_85' title='bbox 447 1456 566 1518; x_wconf 83' lang='lat' dir='ltr'>genere</span> <span class='ocrx_word' id='word_1_86' title='bbox 593 1435 834 1517; x_wconf 88' lang='lat' dir='ltr'>Imaelitarum,</span> <span class='ocrx_word' id='word_1_87' title='bbox 865 1441 899 1500; x_wconf 91' lang='lat' dir='ltr'>et</span> <span class='ocrx_word' id='word_1_88' title='bbox 928 1433 1079 1500; x_wconf 86' lang='lat' dir='ltr'>subditus</span> <span class='ocrx_word' id='word_1_89' title='bbox 1109 1456 1183 1499; x_wconf 90' lang='lat' dir='ltr'>sum</span> <span class='ocrx_word' id='word_1_90' title='bbox 1211 1434 1243 1497; x_wconf 87' lang='lat' dir='ltr'>in</span> <span class='ocrx_word' id='word_1_91' title='bbox 1266 1432 1310 1497; x_wconf 92' lang='lat' dir='ltr'>Iu·</span> 
     </span>
     <span class='ocr_line' id='line_1_12' title="bbox 125 1535 1310 1602; baseline -0.001 -3"><span class='ocrx_word' id='word_1_92' title='bbox 125 1536 208 1600; x_wconf 89' lang='lat' dir='ltr'>daea</span> <span class='ocrx_word' id='word_1_93' title='bbox 229 1535 352 1600; x_wconf 89' lang='lat' dir='ltr'>Pontio</span> <span class='ocrx_word' id='word_1_94' title='bbox 376 1535 494 1602; x_wconf 88' lang='lat' dir='ltr'>Pilato.</span> <span class='ocrx_word' id='word_1_95' title='bbox 538 1536 586 1601; x_wconf 85' lang='lat' dir='ltr'>Et</span> <span class='ocrx_word' id='word_1_96' title='bbox 606 1537 727 1601; x_wconf 86' lang='lat' dir='ltr'>missus</span> <span class='ocrx_word' id='word_1_97' title='bbox 750 1558 823 1602; x_wconf 91' lang='lat' dir='ltr'>sum</span> <span class='ocrx_word' id='word_1_98' title='bbox 844 1543 882 1601; x_wconf 88' lang='lat' dir='ltr'>ut</span> <span class='ocrx_word' id='word_1_99' title='bbox 904 1537 987 1600; x_wconf 92' lang='lat' dir='ltr'>irem</span> <span class='ocrx_word' id='word_1_100' title='bbox 1009 1535 1050 1601; x_wconf 89' lang='lat' dir='ltr'>ad</span> <span class='ocrx_word' id='word_1_101' title='bbox 1073 1535 1246 1600; x_wconf 80' lang='lat' dir='ltr'>Tiberium</span> <span class='ocrx_word' id='word_1_102' title='bbox 1264 1535 1310 1598; x_wconf 91' lang='lat' dir='ltr'>im·</span> 
     </span>
     <span class='ocr_line' id='line_1_13' title="bbox 125 1637 1310 1723; baseline -0.003 -19"><span class='ocrx_word' id='word_1_103' title='bbox 125 1646 313 1722; x_wconf 88' lang='lat' dir='ltr'>peratorem</span> <span class='ocrx_word' id='word_1_104' title='bbox 344 1639 531 1705; x_wconf 89' lang='lat' dir='ltr'>Romanum</span> <span class='ocrx_word' id='word_1_105' title='bbox 563 1639 605 1706; x_wconf 90' lang='lat' dir='ltr'>ad</span> <span class='ocrx_word' id='word_1_106' title='bbox 636 1640 836 1723; x_wconf 76' lang='lat' dir='ltr'>portandum</span> <span class='ocrx_word' id='word_1_107' title='bbox 865 1647 999 1723; x_wconf 87' lang='lat' dir='ltr'>pactum</span> <span class='ocrx_word' id='word_1_108' title='bbox 1031 1640 1071 1705; x_wconf 86' lang='lat' dir='ltr'>da</span> <span class='ocrx_word' id='word_1_109' title='bbox 1100 1638 1236 1704; x_wconf 86' lang='lat' dir='ltr'>Iudaea.</span> <span class='ocrx_word' id='word_1_110' title='bbox 1274 1637 1310 1701; x_wconf 85' lang='lat' dir='ltr'>Et</span> 
     </span>
    </p>
   </div>
   <div class='ocr_carea' id='block_1_3' title="bbox 126 1741 1311 1910">
    <p class='ocr_par' dir='ltr' id='par_1_3' title="bbox 126 1741 1311 1910">
     <span class='ocr_line' id='line_1_14' title="bbox 126 1741 1311 1824; baseline 0 -19"><span class='ocrx_word' id='word_1_111' title='bbox 126 1741 226 1806; x_wconf 91' lang='lat' dir='ltr'>irruit</span> <span class='ocrx_word' id='word_1_112' title='bbox 247 1742 374 1807; x_wconf 83' lang='lat' dir='ltr'>validus</span> <span class='ocrx_word' id='word_1_113' title='bbox 396 1750 514 1808; x_wconf 78' lang='lat' dir='ltr'>ventus</span> <span class='ocrx_word' id='word_1_114' title='bbox 541 1743 576 1807; x_wconf 92' lang='lat' dir='ltr'>in</span> <span class='ocrx_word' id='word_1_115' title='bbox 604 1744 688 1808; x_wconf 90' lang='lat' dir='ltr'>mari</span> <span class='ocrx_word' id='word_1_116' title='bbox 716 1749 750 1809; x_wconf 88' lang='lat' dir='ltr'>et</span> <span class='ocrx_word' id='word_1_117' title='bbox 777 1741 916 1808; x_wconf 86' lang='lat' dir='ltr'>adduxit</span> <span class='ocrx_word' id='word_1_118' title='bbox 937 1764 995 1808; x_wconf 89' lang='lat' dir='ltr'>me</span> <span class='ocrx_word' id='word_1_119' title='bbox 1023 1742 1058 1806; x_wconf 90' lang='lat' dir='ltr'>in</span> <span class='ocrx_word' id='word_1_120' title='bbox 1081 1748 1208 1807; x_wconf 87' lang='lat' dir='ltr'>terram</span> <span class='ocrx_word' id='word_1_121' title='bbox 1229 1762 1311 1824; x_wconf 85' lang='lat' dir='ltr'>quam</span> 
     </span>
     <span class='ocr_line' id='line_1_15' title="bbox 127 1865 249 1910; baseline 0.016 -2"><span class='ocrx_word' id='word_1_122' title='bbox 127 1865 249 1910; x_wconf 86' lang='lat' dir='ltr'>ncscro.</span> 
     </span>
    </p>
   </div>
   <div class='ocr_carea' id='block_1_4' title="bbox 129 1963 1312 2265">
    <p class='ocr_par' dir='ltr' id='par_1_4' title="bbox 129 1963 1312 2265">
     <span class='ocr_line' id='line_1_16' title="bbox 206 1963 1311 2048; baseline -0.004 -19"><span class='ocrx_word' id='word_1_123' title='bbox 206 1963 228 2002; x_wconf 83' lang='lat'>·⁶</span> <span class='ocrx_word' id='word_1_124' title='bbox 248 1964 296 2029; x_wconf 82' lang='lat' dir='ltr'>Et</span> <span class='ocrx_word' id='word_1_125' title='bbox 318 1965 366 2029; x_wconf 87' lang='lat' dir='ltr'>ait</span> <span class='ocrx_word' id='word_1_126' title='bbox 387 1963 484 2029; x_wconf 89' lang='lat' dir='ltr'>Titus</span> <span class='ocrx_word' id='word_1_127' title='bbox 507 1963 545 2030; x_wconf 83' lang='lat' dir='ltr'>Si</span> <span class='ocrx_word' id='word_1_128' title='bbox 567 1965 746 2048; x_wconf 89' lang='lat' dir='ltr'>aliquando</span> <span class='ocrx_word' id='word_1_129' title='bbox 769 1985 884 2048; x_wconf 85' lang='lat' dir='ltr'>posses</span> <span class='ocrx_word' id='word_1_130' title='bbox 911 1963 1057 2029; x_wconf 80' lang='lat' dir='ltr'>invenire</span> <span class='ocrx_word' id='word_1_131' title='bbox 1085 1963 1231 2046; x_wconf 89' lang='lat' dir='ltr'>aliquam</span> <span class='ocrx_word' id='word_1_132' title='bbox 1255 1982 1311 2026; x_wconf 91' lang='lat' dir='ltr'>rem</span> 
     </span>
     <span class='ocr_line' id='line_1_17' title="bbox 129 2065 1312 2151; baseline -0.003 -21"><span class='ocrx_word' id='word_1_133' title='bbox 129 2074 187 2131; x_wconf 90' lang='lat' dir='ltr'>aut</span> <span class='ocrx_word' id='word_1_134' title='bbox 216 2068 462 2151; x_wconf 85' lang='lat' dir='ltr'>pigmentorum</span> <span class='ocrx_word' id='word_1_135' title='bbox 493 2074 551 2132; x_wconf 90' lang='lat' dir='ltr'>aut</span> <span class='ocrx_word' id='word_1_136' title='bbox 581 2067 759 2132; x_wconf 87' lang='lat' dir='ltr'>herbarum</span> <span class='ocrx_word' id='word_1_137' title='bbox 792 2088 876 2150; x_wconf 91' lang='lat' dir='ltr'>quae</span> <span class='ocrx_word' id='word_1_138' title='bbox 906 2067 1032 2131; x_wconf 81' lang='lat' dir='ltr'>valeret</span> <span class='ocrx_word' id='word_1_139' title='bbox 1062 2086 1182 2131; x_wconf 88' lang='lat' dir='ltr'>curare</span> <span class='ocrx_word' id='word_1_140' title='bbox 1212 2065 1312 2129; x_wconf 79' lang='lat' dir='ltr'>vulnus</span> 
     </span>
     <span class='ocr_line' id='line_1_18' title="bbox 130 2166 1312 2265; baseline -0.003 -33"><span class='ocrx_word' id='word_1_141' title='bbox 130 2168 219 2252; x_wconf 91' lang='lat' dir='ltr'>quod</span> <span class='ocrx_word' id='word_1_142' title='bbox 246 2169 281 2233; x_wconf 88' lang='lat' dir='ltr'>in</span> <span class='ocrx_word' id='word_1_143' title='bbox 308 2170 392 2235; x_wconf 86' lang='lat' dir='ltr'>facia</span> <span class='ocrx_word' id='word_1_144' title='bbox 420 2170 542 2250; x_wconf 84' lang='lat' dir='ltr'>habeo,</span> <span class='ocrx_word' id='word_1_145' title='bbox 571 2168 735 2265; x_wconf 77' lang='lat' dir='ltr'>uirides,</span> <span class='ocrx_word' id='word_1_146' title='bbox 763 2174 801 2233; x_wconf 91' lang='lat' dir='ltr'>ut</span> <span class='ocrx_word' id='word_1_147' title='bbox 823 2189 923 2233; x_wconf 86' lang='lat' dir='ltr'>sanus</span> <span class='ocrx_word' id='word_1_148' title='bbox 945 2167 1058 2233; x_wconf 90' lang='lat' dir='ltr'>fierem</span> <span class='ocrx_word' id='word_1_149' title='bbox 1087 2174 1122 2232; x_wconf 85' lang='lat' dir='ltr'>et</span> <span class='ocrx_word' id='word_1_150' title='bbox 1148 2166 1312 2249; x_wconf 86' lang='lat' dir='ltr'>reciperem</span> 
     </span>
    </p>
   </div>
   <div class='ocr_carea' id='block_1_5' title="bbox 132 2432 1315 2591">
    <p class='ocr_par' dir='ltr' id='par_1_5' title="bbox 132 2432 1315 2591">
     <span class='ocr_line' id='line_1_19' title="bbox 132 2432 1315 2509; baseline -0.003 -24"><span class='ocrx_word' id='word_1_151' title='bbox 132 2438 196 2486; x_wconf 73' lang='lat' dir='ltr'>aiala</span> <span class='ocrx_word' id='word_1_152' title='bbox 213 2437 322 2509; x_wconf 62' lang='lat' dir='ltr'>Israelis</span> <span class='ocrx_word' id='word_1_153' title='bbox 342 2436 346 2501; x_wconf 94' lang='grc'>1</span> <span class='ocrx_word' id='word_1_154' title='bbox 368 2455 465 2488; x_wconf 80' lang='lat' dir='ltr'>aarum:</span> <span class='ocrx_word' id='word_1_155' title='bbox 485 2440 524 2489; x_wconf 82' lang='lat' dir='ltr'>ita</span> <span class='ocrx_word' id='word_1_156' title='bbox 542 2439 623 2498; x_wconf 77' lang='lat' dir='ltr'>Amb;</span> <span class='ocrx_word' id='word_1_157' title='bbox 643 2439 701 2488; x_wconf 88' lang='lat' dir='ltr'>Ven</span> <span class='ocrx_word' id='word_1_158' title='bbox 719 2453 761 2487; x_wconf 89' lang='lat' dir='ltr'>om</span> <span class='ocrx_word' id='word_1_159' title='bbox 783 2436 787 2499; x_wconf 84' lang='grc'>1</span> <span class='ocrx_word' id='word_1_160' title='bbox 807 2439 913 2487; x_wconf 71' lang='lat' dir='ltr'>insuaue</span> <span class='ocrx_word' id='word_1_161' title='bbox 929 2441 955 2487; x_wconf 81' lang='lat' dir='ltr'>et</span> <span class='ocrx_word' id='word_1_162' title='bbox 971 2463 982 2473; x_wconf 94' lang='lat'>·</span> <span class='ocrx_word' id='word_1_163' title='bbox 1001 2437 1091 2498; x_wconf 80' lang='lat' dir='ltr'>leprae</span> <span class='ocrx_word' id='word_1_164' title='bbox 1108 2435 1229 2485; x_wconf 68' lang='lat' dir='ltr'>habetat:</span> <span class='ocrx_word' id='word_1_165' title='bbox 1252 2432 1315 2483; x_wconf 73' lang='lat' dir='ltr'>sau</span> 
     </span>
     <span class='ocr_line' id='line_1_20' title="bbox 132 2523 1221 2591; baseline -0.001 -19"><span class='ocrx_word' id='word_1_166' title='bbox 132 2524 199 2573; x_wconf 83' lang='lat' dir='ltr'>haec</span> <span class='ocrx_word' id='word_1_167' title='bbox 218 2525 324 2575; x_wconf 81' lang='lat' dir='ltr'>brevius</span> <span class='ocrx_word' id='word_1_168' title='bbox 343 2525 439 2575; x_wconf 81' lang='lat' dir='ltr'>hebet:</span> <span class='ocrx_word' id='word_1_169' title='bbox 460 2526 595 2576; x_wconf 70' lang='lat' dir='ltr'>laborabat</span> <span class='ocrx_word' id='word_1_170' title='bbox 612 2543 643 2575; x_wconf 82' lang='lat' dir='ltr'>ea</span> <span class='ocrx_word' id='word_1_171' title='bbox 660 2528 743 2575; x_wconf 79' lang='lat' dir='ltr'>aaru’e&#39;e</span> <span class='ocrx_word' id='word_1_172' title='bbox 760 2525 905 2575; x_wconf 71' lang='lat' dir='ltr'>vulneribus</span> <span class='ocrx_word' id='word_1_173' title='bbox 922 2531 951 2574; x_wconf 82' lang='lat' dir='ltr'>ut</span> <span class='ocrx_word' id='word_1_174' title='bbox 968 2524 1120 2591; x_wconf 77' lang='lat' dir='ltr'>afficeretur</span> <span class='ocrx_word' id='word_1_175' title='bbox 1138 2523 1221 2586; x_wconf 81' lang='lat' dir='ltr'>lepra.</span> 
     </span>
    </p>
   </div>
   <div class='ocr_carea' id='block_1_6' title="bbox 133 2614 1317 3013">
    <p class='ocr_par' dir='ltr' id='par_1_6' title="bbox 133 2614 1317 3013">
     <span class='ocr_line' id='line_1_21' title="bbox 218 2614 1316 2681; baseline -0.005 -13"><span class='ocrx_word' id='word_1_176' title='bbox 218 2622 244 2668; x_wconf 82' lang='lat'>3.</span> <span class='ocrx_word' id='word_1_177' title='bbox 269 2636 343 2669; x_wconf 80' lang='lat' dir='ltr'>aera:</span> <span class='ocrx_word' id='word_1_178' title='bbox 363 2635 394 2668; x_wconf 82' lang='lat' dir='ltr'>ex</span> <span class='ocrx_word' id='word_1_179' title='bbox 413 2619 489 2669; x_wconf 82' lang='lat' dir='ltr'>ASax</span> <span class='ocrx_word' id='word_1_180' title='bbox 508 2620 614 2680; x_wconf 74' lang='lat' dir='ltr'>addidi3</span> <span class='ocrx_word' id='word_1_181' title='bbox 633 2621 662 2670; x_wconf 89' lang='lat' dir='ltr'>in</span> <span class='ocrx_word' id='word_1_182' title='bbox 680 2622 767 2670; x_wconf 82' lang='lat' dir='ltr'>latino</span> <span class='ocrx_word' id='word_1_183' title='bbox 787 2636 841 2670; x_wconf 89' lang='lat' dir='ltr'>rron</span> <span class='ocrx_word' id='word_1_184' title='bbox 860 2624 910 2670; x_wconf 85' lang='lat' dir='ltr'>est.</span> <span class='ocrx_word' id='word_1_185' title='bbox 926 2618 931 2681; x_wconf 93' lang='grc' dir='ltr'>Ι</span> <span class='ocrx_word' id='word_1_186' title='bbox 946 2625 970 2668; x_wconf 78' lang='lat' dir='ltr'>el</span> <span class='ocrx_word' id='word_1_187' title='bbox 988 2618 1120 2681; x_wconf 72' lang='lat' dir='ltr'>impedivit</span> <span class='ocrx_word' id='word_1_188' title='bbox 1137 2643 1148 2653; x_wconf 94' lang='lat'><em>·</em></span> <span class='ocrx_word' id='word_1_189' title='bbox 1167 2617 1254 2667; x_wconf 72' lang='lat' dir='ltr'>Latiae</span> <span class='ocrx_word' id='word_1_190' title='bbox 1269 2614 1316 2662; x_wconf 78' lang='lat' dir='ltr'>ciui·</span> 
     </span>
     <span class='ocr_line' id='line_1_22' title="bbox 133 2701 1317 2770; baseline -0.003 -14"><span class='ocrx_word' id='word_1_191' title='bbox 133 2707 196 2756; x_wconf 70' lang='lat' dir='ltr'>eatis</span> <span class='ocrx_word' id='word_1_192' title='bbox 214 2723 272 2756; x_wconf 89' lang='lat' dir='ltr'>cum</span> <span class='ocrx_word' id='word_1_193' title='bbox 291 2707 358 2757; x_wconf 75' lang='lat' dir='ltr'>smb</span> <span class='ocrx_word' id='word_1_194' title='bbox 378 2708 455 2768; x_wconf 89' lang='lat' dir='ltr'>(item</span> <span class='ocrx_word' id='word_1_195' title='bbox 474 2707 562 2768; x_wconf 79' lang='lat' dir='ltr'>ASux)</span> <span class='ocrx_word' id='word_1_196' title='bbox 587 2741 593 2755; x_wconf 91' lang='lat'>.</span> <span class='ocrx_word' id='word_1_197' title='bbox 612 2742 618 2754; x_wconf 93' lang='lat'><strong>.</strong></span> <span class='ocrx_word' id='word_1_198' title='bbox 648 2708 705 2757; x_wconf 89' lang='lat' dir='ltr'>Ven</span> <span class='ocrx_word' id='word_1_199' title='bbox 724 2711 750 2756; x_wconf 79' lang='lat' dir='ltr'>et</span> <span class='ocrx_word' id='word_1_200' title='bbox 767 2708 878 2757; x_wconf 66' lang='lat' dir='ltr'>intravit</span> <span class='ocrx_word' id='word_1_201' title='bbox 892 2707 1020 2770; x_wconf 78' lang='lat' dir='ltr'>uaoiqium</span> <span class='ocrx_word' id='word_1_202' title='bbox 1038 2705 1113 2753; x_wconf 75' lang='lat' dir='ltr'>illiue</span> <span class='ocrx_word' id='word_1_203' title='bbox 1129 2705 1158 2753; x_wconf 67' lang='grc' dir='ltr'>ἐκ</span> <span class='ocrx_word' id='word_1_204' title='bbox 1172 2709 1269 2766; x_wconf 73' lang='lat' dir='ltr'>partum</span> <span class='ocrx_word' id='word_1_205' title='bbox 1284 2701 1317 2764; x_wconf 70' lang='lat' dir='ltr'>qai</span> 
     </span>
     <span class='ocr_line' id='line_1_23' title="bbox 134 2788 1316 2856; baseline -0.006 -16"><span class='ocrx_word' id='word_1_206' title='bbox 134 2796 172 2840; x_wconf 77' lang='lat' dir='ltr'>ert</span> <span class='ocrx_word' id='word_1_207' title='bbox 189 2794 216 2840; x_wconf 83' lang='lat' dir='ltr'>u&#39;a</span> <span class='ocrx_word' id='word_1_208' title='bbox 234 2795 338 2842; x_wconf 71' lang='lat' dir='ltr'>ciuitate</span> <span class='ocrx_word' id='word_1_209' title='bbox 357 2792 417 2841; x_wconf 80' lang='lat' dir='ltr'>libia</span> <span class='ocrx_word' id='word_1_210' title='bbox 437 2791 441 2854; x_wconf 95' lang='grc' dir='ltr'>Ι</span> <span class='ocrx_word' id='word_1_211' title='bbox 462 2794 528 2856; x_wconf 83' lang='lat' dir='ltr'>quad</span> <span class='ocrx_word' id='word_1_212' title='bbox 545 2808 671 2856; x_wconf 78' lang='lat' dir='ltr'>uunquam</span> <span class='ocrx_word' id='word_1_213' title='bbox 689 2818 699 2828; x_wconf 94' lang='lat'>-</span> <span class='ocrx_word' id='word_1_214' title='bbox 717 2793 812 2842; x_wconf 68' lang='lat' dir='ltr'>amiate</span> <span class='ocrx_word' id='word_1_215' title='bbox 836 2808 894 2842; x_wconf 87' lang='lat' dir='ltr'>cum</span> <span class='ocrx_word' id='word_1_216' title='bbox 913 2791 979 2840; x_wconf 77' lang='lat' dir='ltr'>Amb</span> <span class='ocrx_word' id='word_1_217' title='bbox 998 2825 1025 2840; x_wconf 89' lang='lat'>..</span> <span class='ocrx_word' id='word_1_218' title='bbox 1044 2788 1104 2839; x_wconf 81' lang='lat' dir='ltr'>Van</span> <span class='ocrx_word' id='word_1_219' title='bbox 1123 2794 1246 2853; x_wconf 81' lang='lat' dir='ltr'>corrupta</span> <span class='ocrx_word' id='word_1_220' title='bbox 1262 2802 1316 2834; x_wconf 61' lang='lat' dir='ltr'>aar</span> 
     </span>
     <span class='ocr_line' id='line_1_24' title="bbox 135 2875 1316 2942; baseline 0 -15"><span class='ocrx_word' id='word_1_221' title='bbox 135 2879 195 2942; x_wconf 78' lang='lat' dir='ltr'>quid</span> <span class='ocrx_word' id='word_1_222' title='bbox 213 2878 280 2927; x_wconf 72' lang='lat' dir='ltr'>{alia</span> <span class='ocrx_word' id='word_1_223' title='bbox 298 2879 407 2927; x_wconf 71' lang='lat' dir='ltr'>vidimus</span> <span class='ocrx_word' id='word_1_224' title='bbox 424 2878 528 2927; x_wconf 74' lang='lat' dir='ltr'>aliunde</span> <span class='ocrx_word' id='word_1_225' title='bbox 546 2915 573 2929; x_wconf 85' lang='lat'>..</span> <span class='ocrx_word' id='word_1_226' title='bbox 592 2879 668 2927; x_wconf 76' lang='lat' dir='ltr'>ASex</span> <span class='ocrx_word' id='word_1_227' title='bbox 686 2878 821 2942; x_wconf 75' lang='lat' dir='ltr'>Nunquam</span> <span class='ocrx_word' id='word_1_228' title='bbox 839 2882 915 2927; x_wconf 74' lang='lat' dir='ltr'>autea</span> <span class='ocrx_word' id='word_1_229' title='bbox 937 2877 1047 2926; x_wconf 79' lang='lat' dir='ltr'>aidimua</span> <span class='ocrx_word' id='word_1_230' title='bbox 1068 2880 1121 2924; x_wconf 73' lang='lat' dir='ltr'>lum</span> <span class='ocrx_word' id='word_1_231' title='bbox 1144 2876 1208 2924; x_wconf 77' lang='lat' dir='ltr'>mire</span> <span class='ocrx_word' id='word_1_232' title='bbox 1222 2875 1316 2938; x_wconf 61' lang='lat' dir='ltr'>seems</span> 
     </span>
     <span class='ocr_line' id='line_1_25' title="bbox 134 2963 684 3013; baseline 0.004 -3"><span class='ocrx_word' id='word_1_233' title='bbox 134 2967 163 3011; x_wconf 78' lang='lat' dir='ltr'>ut</span> <span class='ocrx_word' id='word_1_234' title='bbox 180 2963 272 3013; x_wconf 83' lang='lat' dir='ltr'>Iudaei</span> <span class='ocrx_word' id='word_1_235' title='bbox 289 2964 400 3012; x_wconf 73' lang='lat' dir='ltr'>dominae</span> <span class='ocrx_word' id='word_1_236' title='bbox 416 2964 530 3012; x_wconf 73' lang='lat' dir='ltr'>venirent</span> <span class='ocrx_word' id='word_1_237' title='bbox 546 2964 594 3011; x_wconf 76' lang='lat' dir='ltr'>dua</span> <span class='ocrx_word' id='word_1_238' title='bbox 611 2979 684 3012; x_wconf 81' lang='lat' dir='ltr'>mave.</span> 
     </span>
    </p>
   </div>
   <div class='ocr_carea' id='block_1_7' title="bbox 135 3050 1321 3881">
    <p class='ocr_par' dir='ltr' id='par_1_7' title="bbox 135 3050 1321 3881">
     <span class='ocr_line' id='line_1_26' title="bbox 221 3050 1318 3118; baseline -0.009 -11"><span class='ocrx_word' id='word_1_239' title='bbox 221 3062 246 3108; x_wconf 80' lang='lat'>4.</span> <span class='ocrx_word' id='word_1_240' title='bbox 278 3059 357 3108; x_wconf 69' lang='lat' dir='ltr'>Iussit</span> <span class='ocrx_word' id='word_1_241' title='bbox 375 3088 385 3098; x_wconf 91' lang='lat'>-</span> <span class='ocrx_word' id='word_1_242' title='bbox 403 3058 549 3106; x_wconf 76' lang='lat' dir='ltr'>nauclerum</span> <span class='ocrx_word' id='word_1_243' title='bbox 572 3058 624 3115; x_wconf 84' lang='lat' dir='ltr'>(ita</span> <span class='ocrx_word' id='word_1_244' title='bbox 646 3058 726 3117; x_wconf 78' lang='lat' dir='ltr'>Amb3</span> <span class='ocrx_word' id='word_1_245' title='bbox 754 3058 812 3107; x_wconf 85' lang='lat' dir='ltr'>Van</span> <span class='ocrx_word' id='word_1_246' title='bbox 835 3056 933 3117; x_wconf 77' lang='lat' dir='ltr'>nauem)</span> <span class='ocrx_word' id='word_1_247' title='bbox 952 3081 962 3091; x_wconf 93' lang='lat'><em>·</em></span> <span class='ocrx_word' id='word_1_248' title='bbox 980 3056 1097 3118; x_wconf 74' lang='lat' dir='ltr'>quianam</span> <span class='ocrx_word' id='word_1_249' title='bbox 1119 3056 1187 3103; x_wconf 75' lang='lat' dir='ltr'>eme</span> <span class='ocrx_word' id='word_1_250' title='bbox 1207 3088 1237 3103; x_wconf 92' lang='lat'>..</span> <span class='ocrx_word' id='word_1_251' title='bbox 1257 3050 1318 3100; x_wconf 78' lang='lat' dir='ltr'>ASer</span> 
     </span>
     <span class='ocr_line' id='line_1_27' title="bbox 137 3137 1319 3209; baseline -0.008 -17"><span class='ocrx_word' id='word_1_252' title='bbox 137 3145 203 3193; x_wconf 75' lang='lat' dir='ltr'>haee</span> <span class='ocrx_word' id='word_1_253' title='bbox 227 3145 318 3207; x_wconf 80' lang='lat' dir='ltr'>paullo</span> <span class='ocrx_word' id='word_1_254' title='bbox 342 3144 423 3192; x_wconf 83' lang='lat' dir='ltr'>latius</span> <span class='ocrx_word' id='word_1_255' title='bbox 443 3145 481 3192; x_wconf 83' lang='lat' dir='ltr'>aie</span> <span class='ocrx_word' id='word_1_256' title='bbox 501 3143 640 3207; x_wconf 85' lang='lat' dir='ltr'>exprimit:</span> <span class='ocrx_word' id='word_1_257' title='bbox 669 3143 748 3209; x_wconf 59' lang='lat' dir='ltr'>Tyrus</span> <span class='ocrx_word' id='word_1_258' title='bbox 764 3147 867 3207; x_wconf 71' lang='lat' dir='ltr'>raqaos&#39;r</span> <span class='ocrx_word' id='word_1_259' title='bbox 884 3143 995 3205; x_wconf 81' lang='lat' dir='ltr'>aliquem</span> <span class='ocrx_word' id='word_1_260' title='bbox 1012 3145 1040 3189; x_wconf 73' lang='lat' dir='ltr'>ur</span> <span class='ocrx_word' id='word_1_261' title='bbox 1058 3145 1176 3189; x_wconf 66' lang='lat' dir='ltr'>namnet</span> <span class='ocrx_word' id='word_1_262' title='bbox 1192 3144 1217 3188; x_wconf 74' lang='lat' dir='ltr'>et</span> <span class='ocrx_word' id='word_1_263' title='bbox 1233 3137 1319 3187; x_wconf 77' lang='lat' dir='ltr'>voearet</span> 
     </span>
     <span class='ocr_line' id='line_1_28' title="bbox 135 3225 1317 3295; baseline -0.009 -16"><span class='ocrx_word' id='word_1_264' title='bbox 135 3232 171 3279; x_wconf 73' lang='lat' dir='ltr'>aa</span> <span class='ocrx_word' id='word_1_265' title='bbox 192 3248 218 3279; x_wconf 81' lang='lat' dir='ltr'>ae</span> <span class='ocrx_word' id='word_1_266' title='bbox 240 3247 294 3279; x_wconf 86' lang='lat' dir='ltr'>eum</span> <span class='ocrx_word' id='word_1_267' title='bbox 316 3232 359 3294; x_wconf 79' lang='lat' dir='ltr'>qui</span> <span class='ocrx_word' id='word_1_268' title='bbox 381 3234 447 3281; x_wconf 77' lang='lat' dir='ltr'>emet</span> <span class='ocrx_word' id='word_1_269' title='bbox 464 3229 623 3295; x_wconf 73' lang='lat' dir='ltr'>principalia</span> <span class='ocrx_word' id='word_1_270' title='bbox 644 3231 685 3278; x_wconf 79' lang='lat' dir='ltr'>air</span> <span class='ocrx_word' id='word_1_271' title='bbox 708 3232 735 3278; x_wconf 82' lang='lat' dir='ltr'>iu</span> <span class='ocrx_word' id='word_1_272' title='bbox 752 3246 823 3278; x_wconf 78' lang='lat' dir='ltr'>aava.</span> <span class='ocrx_word' id='word_1_273' title='bbox 860 3230 898 3278; x_wconf 73' lang='lat' dir='ltr'>Et</span> <span class='ocrx_word' id='word_1_274' title='bbox 917 3228 1022 3277; x_wconf 66' lang='lat' dir='ltr'>Nathan</span> <span class='ocrx_word' id='word_1_275' title='bbox 1038 3230 1109 3277; x_wconf 75' lang='lat' dir='ltr'>uenit</span> <span class='ocrx_word' id='word_1_276' title='bbox 1128 3225 1200 3275; x_wconf 68' lang='lat' dir='ltr'>cauo</span> <span class='ocrx_word' id='word_1_277' title='bbox 1219 3225 1251 3273; x_wconf 83' lang='lat' dir='ltr'>ad</span> <span class='ocrx_word' id='word_1_278' title='bbox 1266 3238 1317 3272; x_wconf 76' lang='lat' dir='ltr'>era.</span> 
     </span>
     <span class='ocr_line' id='line_1_29' title="bbox 136 3304 1316 3382; baseline -0.007 -18"><span class='ocrx_word' id='word_1_279' title='bbox 136 3317 175 3364; x_wconf 75' lang='lat' dir='ltr'>Ee</span> <span class='ocrx_word' id='word_1_280' title='bbox 196 3316 276 3382; x_wconf 72' lang='lat' dir='ltr'>Tyrus</span> <span class='ocrx_word' id='word_1_281' title='bbox 292 3317 463 3380; x_wconf 75' lang='lat' dir='ltr'>iuterraqam&#39;t</span> <span class='ocrx_word' id='word_1_282' title='bbox 480 3332 534 3365; x_wconf 86' lang='lat' dir='ltr'>eum</span> <span class='ocrx_word' id='word_1_283' title='bbox 551 3320 577 3364; x_wconf 75' lang='lat' dir='ltr'>et</span> <span class='ocrx_word' id='word_1_284' title='bbox 594 3316 662 3365; x_wconf 75' lang='lat' dir='ltr'>dieis</span> <span class='ocrx_word' id='word_1_285' title='bbox 683 3314 747 3376; x_wconf 75' lang='lat' dir='ltr'>Quia</span> <span class='ocrx_word' id='word_1_286' title='bbox 763 3331 790 3364; x_wconf 82' lang='lat' dir='ltr'>ee</span> <span class='ocrx_word' id='word_1_287' title='bbox 807 3319 834 3364; x_wconf 71' lang='lat' dir='ltr'>tu</span> <span class='ocrx_word' id='word_1_288' title='bbox 853 3316 879 3363; x_wconf 79' lang='lat' dir='ltr'>ia</span> <span class='ocrx_word' id='word_1_289' title='bbox 896 3315 1019 3369; x_wconf 75' lang='lat' dir='ltr'>veritate,</span> <span class='ocrx_word' id='word_1_290' title='bbox 1042 3316 1090 3360; x_wconf 78' lang='lat' dir='ltr'>aut</span> <span class='ocrx_word' id='word_1_291' title='bbox 1111 3311 1179 3359; x_wconf 77' lang='lat' dir='ltr'>unde</span> <span class='ocrx_word' id='word_1_292' title='bbox 1200 3309 1297 3359; x_wconf 69' lang='lat' dir='ltr'>aeaiafil</span> <span class='ocrx_word' id='word_1_293' title='bbox 1314 3304 1316 3315; x_wconf 90' lang='lat'>&#39;</span> 
     </span>
     <span class='ocr_line' id='line_1_30' title="bbox 136 3389 1319 3464; baseline -0.008 -14"><span class='ocrx_word' id='word_1_294' title='bbox 136 3402 176 3450; x_wconf 76' lang='lat' dir='ltr'>Et</span> <span class='ocrx_word' id='word_1_295' title='bbox 193 3401 261 3450; x_wconf 67' lang='lat' dir='ltr'>duait</span> <span class='ocrx_word' id='word_1_296' title='bbox 278 3402 337 3463; x_wconf 72' lang='lat' dir='ltr'>Rqo</span> <span class='ocrx_word' id='word_1_297' title='bbox 355 3426 365 3436; x_wconf 92' lang='lat'><strong>·</strong></span> <span class='ocrx_word' id='word_1_298' title='bbox 383 3401 573 3450; x_wconf 73' lang='lat' dir='ltr'>lmaaelu&#39;tarum</span> <span class='ocrx_word' id='word_1_299' title='bbox 591 3399 663 3463; x_wconf 89' lang='lat' dir='ltr'>(eod.</span> <span class='ocrx_word' id='word_1_300' title='bbox 679 3414 769 3449; x_wconf 81' lang='lat' dir='ltr'>rursus</span> <span class='ocrx_word' id='word_1_301' title='bbox 787 3398 1008 3464; x_wconf 71' lang='lat' dir='ltr'>hyemaelr&#39;tarumr</span> <span class='ocrx_word' id='word_1_302' title='bbox 1026 3395 1093 3444; x_wconf 76' lang='lat' dir='ltr'>Amb</span> <span class='ocrx_word' id='word_1_303' title='bbox 1112 3410 1176 3444; x_wconf 77' lang='lat' dir='ltr'>varo</span> <span class='ocrx_word' id='word_1_304' title='bbox 1191 3389 1319 3457; x_wconf 65' lang='lat' dir='ltr'>quaeum)</span> 
     </span>
     <span class='ocr_line' id='line_1_31' title="bbox 135 3474 1319 3549; baseline -0.008 -14"><span class='ocrx_word' id='word_1_305' title='bbox 135 3511 147 3522; x_wconf 93' lang='lat'><strong>·</strong></span> <span class='ocrx_word' id='word_1_306' title='bbox 165 3503 239 3549; x_wconf 89' lang='lat' dir='ltr'>quam</span> <span class='ocrx_word' id='word_1_307' title='bbox 257 3488 354 3536; x_wconf 70' lang='lat' dir='ltr'>uaecu&#39;o:</span> <span class='ocrx_word' id='word_1_308' title='bbox 372 3486 448 3535; x_wconf 76' lang='lat' dir='ltr'>ASax</span> <span class='ocrx_word' id='word_1_309' title='bbox 466 3486 571 3536; x_wconf 70' lang='lat' dir='ltr'>Nathan</span> <span class='ocrx_word' id='word_1_310' title='bbox 588 3485 720 3548; x_wconf 75' lang='lat' dir='ltr'>reepamdit</span> <span class='ocrx_word' id='word_1_311' title='bbox 737 3485 762 3532; x_wconf 81' lang='lat' dir='ltr'>ei</span> <span class='ocrx_word' id='word_1_312' title='bbox 779 3488 804 3532; x_wconf 74' lang='lat' dir='ltr'>et</span> <span class='ocrx_word' id='word_1_313' title='bbox 821 3483 890 3532; x_wconf 80' lang='lat' dir='ltr'>diau&#39;t</span> <span class='ocrx_word' id='word_1_314' title='bbox 907 3482 965 3544; x_wconf 75' lang='lat' dir='ltr'>Epo</span> <span class='ocrx_word' id='word_1_315' title='bbox 982 3495 1037 3528; x_wconf 82' lang='lat' dir='ltr'>eum</span> <span class='ocrx_word' id='word_1_316' title='bbox 1054 3479 1172 3531; x_wconf 69' lang='lat' dir='ltr'>Nathan.</span> <span class='ocrx_word' id='word_1_317' title='bbox 1182 3474 1319 3543; x_wconf 62' lang='lat' dir='ltr'>silicella·</span> 
     </span>
     <span class='ocr_line' id='line_1_32' title="bbox 137 3565 1321 3634; baseline -0.008 -14"><span class='ocrx_word' id='word_1_318' title='bbox 137 3578 162 3620; x_wconf 77' lang='lat' dir='ltr'>et</span> <span class='ocrx_word' id='word_1_319' title='bbox 180 3575 237 3621; x_wconf 77' lang='lat' dir='ltr'>veui</span> <span class='ocrx_word' id='word_1_320' title='bbox 253 3575 302 3620; x_wconf 81' lang='lat' dir='ltr'>huo</span> <span class='ocrx_word' id='word_1_321' title='bbox 319 3589 336 3620; x_wconf 89' lang='lat' dir='ltr'>o</span> <span class='ocrx_word' id='word_1_322' title='bbox 357 3572 478 3621; x_wconf 77' lang='lat' dir='ltr'>Graecia.</span> <span class='ocrx_word' id='word_1_323' title='bbox 514 3573 554 3622; x_wconf 79' lang='lat' dir='ltr'>Et</span> <span class='ocrx_word' id='word_1_324' title='bbox 570 3588 640 3621; x_wconf 85' lang='lat' dir='ltr'>aram</span> <span class='ocrx_word' id='word_1_325' title='bbox 658 3573 726 3634; x_wconf 81' lang='lat' dir='ltr'>apud</span> <span class='ocrx_word' id='word_1_326' title='bbox 745 3571 864 3627; x_wconf 78' lang='lat' dir='ltr'>Iudaeae,</span> <span class='ocrx_word' id='word_1_327' title='bbox 882 3567 1007 3617; x_wconf 70' lang='lat' dir='ltr'>mdteciua</span> <span class='ocrx_word' id='word_1_328' title='bbox 1024 3566 1119 3615; x_wconf 73' lang='lat' dir='ltr'>Pontia</span> <span class='ocrx_word' id='word_1_329' title='bbox 1138 3565 1240 3620; x_wconf 64' lang='lat' dir='ltr'>Pilatus</span> <span class='ocrx_word' id='word_1_330' title='bbox 1260 3566 1321 3624; x_wconf 63' lang='lat' dir='ltr'>atqu</span> 
     </span>
     <span class='ocr_line' id='line_1_33' title="bbox 138 3649 1321 3722; baseline -0.007 -17"><span class='ocrx_word' id='word_1_331' title='bbox 138 3662 189 3705; x_wconf 78' lang='lat' dir='ltr'>tum</span> <span class='ocrx_word' id='word_1_332' title='bbox 212 3660 303 3708; x_wconf 72' lang='lat' dir='ltr'>mirmur</span> <span class='ocrx_word' id='word_1_333' title='bbox 325 3676 395 3708; x_wconf 65' lang='lat' dir='ltr'>mam</span> <span class='ocrx_word' id='word_1_334' title='bbox 416 3663 446 3708; x_wconf 80' lang='lat' dir='ltr'>ut</span> <span class='ocrx_word' id='word_1_335' title='bbox 470 3662 533 3708; x_wconf 78' lang='lat' dir='ltr'>iram</span> <span class='ocrx_word' id='word_1_336' title='bbox 556 3660 591 3707; x_wconf 86' lang='lat' dir='ltr'>ad</span> <span class='ocrx_word' id='word_1_337' title='bbox 613 3660 791 3722; x_wconf 70' lang='lat' dir='ltr'>imperatorem</span> <span class='ocrx_word' id='word_1_338' title='bbox 811 3656 936 3705; x_wconf 67' lang='lat' dir='ltr'>Tiberium</span> <span class='ocrx_word' id='word_1_339' title='bbox 959 3656 984 3702; x_wconf 73' lang='lat' dir='ltr'>at</span> <span class='ocrx_word' id='word_1_340' title='bbox 999 3653 1102 3717; x_wconf 76' lang='lat' dir='ltr'>ferrem</span> <span class='ocrx_word' id='word_1_341' title='bbox 1120 3651 1234 3700; x_wconf 68' lang='lat' dir='ltr'>maiam</span> <span class='ocrx_word' id='word_1_342' title='bbox 1249 3649 1321 3697; x_wconf 74' lang='lat' dir='ltr'>eim</span> 
     </span>
     <span class='ocr_line' id='line_1_34' title="bbox 138 3734 1321 3807; baseline -0.003 -17"><span class='ocrx_word' id='word_1_343' title='bbox 138 3743 238 3791; x_wconf 82' lang='lat' dir='ltr'>Iudaea</span> <span class='ocrx_word' id='word_1_344' title='bbox 250 3745 365 3794; x_wconf 75' lang='lat' dir='ltr'>Romam</span> <span class='ocrx_word' id='word_1_345' title='bbox 393 3745 443 3804; x_wconf 71' lang='lat' dir='ltr'>Sed</span> <span class='ocrx_word' id='word_1_346' title='bbox 456 3745 603 3794; x_wconf 76' lang='lat' dir='ltr'>contrariae</span> <span class='ocrx_word' id='word_1_347' title='bbox 615 3750 703 3793; x_wconf 75' lang='lat' dir='ltr'>ceatur</span> <span class='ocrx_word' id='word_1_348' title='bbox 719 3742 863 3807; x_wconf 75' lang='lat' dir='ltr'>superuenit</span> <span class='ocrx_word' id='word_1_349' title='bbox 878 3755 916 3790; x_wconf 76' lang='lat' dir='ltr'>me</span> <span class='ocrx_word' id='word_1_350' title='bbox 934 3745 959 3789; x_wconf 77' lang='lat' dir='ltr'>ei</span> <span class='ocrx_word' id='word_1_351' title='bbox 975 3738 1051 3787; x_wconf 74' lang='lat' dir='ltr'>auem</span> <span class='ocrx_word' id='word_1_352' title='bbox 1067 3753 1106 3786; x_wconf 81' lang='lat' dir='ltr'>me</span> <span class='ocrx_word' id='word_1_353' title='bbox 1123 3738 1152 3785; x_wconf 78' lang='lat' dir='ltr'>iu</span> <span class='ocrx_word' id='word_1_354' title='bbox 1168 3738 1233 3785; x_wconf 71' lang='lat' dir='ltr'>heae</span> <span class='ocrx_word' id='word_1_355' title='bbox 1249 3734 1321 3787; x_wconf 63' lang='lat' dir='ltr'>laem</span> 
     </span>
     <span class='ocr_line' id='line_1_35' title="bbox 137 3832 425 3881; baseline 0.01 -3"><span class='ocrx_word' id='word_1_356' title='bbox 137 3837 166 3880; x_wconf 74' lang='lat' dir='ltr'>a!</span> <span class='ocrx_word' id='word_1_357' title='bbox 183 3832 226 3879; x_wconf 81' lang='lat' dir='ltr'>ubi</span> <span class='ocrx_word' id='word_1_358' title='bbox 243 3834 289 3880; x_wconf 82' lang='lat' dir='ltr'>eim</span> <span class='ocrx_word' id='word_1_359' title='bbox 306 3833 425 3881; x_wconf 71' lang='lat' dir='ltr'>merciam.</span> 
     </span>
    </p>
   </div>
   <div class='ocr_carea' id='block_1_8' title="bbox 137 3912 1330 4506">
    <p class='ocr_par' dir='ltr' id='par_1_8' title="bbox 137 3912 1330 4506">
     <span class='ocr_line' id='line_1_36' title="bbox 225 3912 1324 3990; baseline -0.009 -16"><span class='ocrx_word' id='word_1_360' title='bbox 225 3928 250 3974; x_wconf 83' lang='lat'>5.</span> <span class='ocrx_word' id='word_1_361' title='bbox 277 3926 307 3974; x_wconf 65' lang='lat' dir='ltr'>su·</span> <span class='ocrx_word' id='word_1_362' title='bbox 325 3926 465 3990; x_wconf 76' lang='lat' dir='ltr'>aliquanda</span> <span class='ocrx_word' id='word_1_363' title='bbox 482 3951 492 3961; x_wconf 93' lang='lat'><em>·</em></span> <span class='ocrx_word' id='word_1_364' title='bbox 510 3927 537 3973; x_wconf 78' lang='lat' dir='ltr'>ia</span> <span class='ocrx_word' id='word_1_365' title='bbox 553 3927 630 3990; x_wconf 75' lang='lat' dir='ltr'>faeie</span> <span class='ocrx_word' id='word_1_366' title='bbox 647 3926 724 3975; x_wconf 70' lang='lat' dir='ltr'>habeo</span> <span class='ocrx_word' id='word_1_367' title='bbox 744 3941 801 3974; x_wconf 89' lang='lat' dir='ltr'>cum</span> <span class='ocrx_word' id='word_1_368' title='bbox 821 3923 901 3981; x_wconf 75' lang='lat' dir='ltr'>Amb3</span> <span class='ocrx_word' id='word_1_369' title='bbox 926 3935 1012 3984; x_wconf 86' lang='lat' dir='ltr'>nequa</span> <span class='ocrx_word' id='word_1_370' title='bbox 1031 3919 1125 3968; x_wconf 77' lang='lat' dir='ltr'>differs</span> <span class='ocrx_word' id='word_1_371' title='bbox 1143 3916 1220 3966; x_wconf 77' lang='lat' dir='ltr'>ASax</span> <span class='ocrx_word' id='word_1_372' title='bbox 1236 3951 1262 3964; x_wconf 90' lang='lat'>..</span> <span class='ocrx_word' id='word_1_373' title='bbox 1278 3912 1324 3960; x_wconf 65' lang='lat' dir='ltr'>Veh</span> 
     </span>
     <span class='ocr_line' id='line_1_37' title="bbox 139 4003 1326 4076; baseline -0.008 -17"><span class='ocrx_word' id='word_1_374' title='bbox 139 4013 171 4059; x_wconf 79' lang='lat' dir='ltr'>Si</span> <span class='ocrx_word' id='word_1_375' title='bbox 192 4012 331 4074; x_wconf 81' lang='lat' dir='ltr'>aliquanda</span> <span class='ocrx_word' id='word_1_376' title='bbox 352 4029 441 4076; x_wconf 75' lang='lat' dir='ltr'>pasees</span> <span class='ocrx_word' id='word_1_377' title='bbox 462 4014 565 4061; x_wconf 75' lang='lat' dir='ltr'>larbam</span> <span class='ocrx_word' id='word_1_378' title='bbox 587 4013 701 4061; x_wconf 77' lang='lat' dir='ltr'>invenire</span> <span class='ocrx_word' id='word_1_379' title='bbox 724 4014 769 4060; x_wconf 74' lang='lat' dir='ltr'>aut</span> <span class='ocrx_word' id='word_1_380' title='bbox 787 4011 900 4074; x_wconf 78' lang='lat' dir='ltr'>aliquam</span> <span class='ocrx_word' id='word_1_381' title='bbox 921 4008 1107 4071; x_wconf 69' lang='lat' dir='ltr'>piamenta-um</span> <span class='ocrx_word' id='word_1_382' title='bbox 1126 4018 1215 4052; x_wconf 74' lang='lat' dir='ltr'>mam</span> <span class='ocrx_word' id='word_1_383' title='bbox 1234 4003 1326 4067; x_wconf 61' lang='grc' dir='ltr'>Μία</span> 
     </span>
     <span class='ocr_line' id='line_1_38' title="bbox 139 4083 1326 4162; baseline -0.013 -18"><span class='ocrx_word' id='word_1_384' title='bbox 139 4097 313 4162; x_wconf 70' lang='lat' dir='ltr'>infimitatem</span> <span class='ocrx_word' id='word_1_385' title='bbox 332 4100 448 4162; x_wconf 72' lang='lat' dir='ltr'>corporis</span> <span class='ocrx_word' id='word_1_386' title='bbox 464 4099 512 4147; x_wconf 81' lang='lat' dir='ltr'>meu&#39;</span> <span class='ocrx_word' id='word_1_387' title='bbox 525 4114 588 4161; x_wconf 85' lang='lat' dir='ltr'>quae</span> <span class='ocrx_word' id='word_1_388' title='bbox 606 4103 643 4147; x_wconf 80' lang='lat' dir='ltr'>eet</span> <span class='ocrx_word' id='word_1_389' title='bbox 661 4098 688 4145; x_wconf 84' lang='lat' dir='ltr'>im</span> <span class='ocrx_word' id='word_1_390' title='bbox 698 4099 774 4162; x_wconf 78' lang='lat' dir='ltr'>saea&#39;e</span> <span class='ocrx_word' id='word_1_391' title='bbox 791 4111 846 4143; x_wconf 84' lang='lat' dir='ltr'>mea</span> <span class='ocrx_word' id='word_1_392' title='bbox 861 4095 865 4154; x_wconf 96' lang='grc'>1</span> <span class='ocrx_word' id='word_1_393' title='bbox 881 4092 968 4142; x_wconf 77' lang='lat' dir='ltr'>multia</span> <span class='ocrx_word' id='word_1_394' title='bbox 980 4091 1051 4140; x_wconf 69' lang='lat' dir='ltr'>boatu</span> <span class='ocrx_word' id='word_1_395' title='bbox 1062 4104 1197 4151; x_wconf 74' lang='lat' dir='ltr'>eroque-em</span> <span class='ocrx_word' id='word_1_396' title='bbox 1208 4092 1248 4137; x_wconf 76' lang='lat' dir='ltr'>te.-</span> <span class='ocrx_word' id='word_1_397' title='bbox 1264 4083 1326 4134; x_wconf 78' lang='lat' dir='ltr'>ASsr</span> 
     </span>
     <span class='ocr_line' id='line_1_39' title="bbox 139 4167 1328 4234; baseline -0.01 -3"><span class='ocrx_word' id='word_1_398' title='bbox 139 4185 249 4232; x_wconf 75' lang='lat' dir='ltr'>daturae</span> <span class='ocrx_word' id='word_1_399' title='bbox 266 4200 342 4233; x_wconf 79' lang='lat' dir='ltr'>earam</span> <span class='ocrx_word' id='word_1_400' title='bbox 361 4186 409 4234; x_wconf 72' lang='lat' dir='ltr'>libi</span> <span class='ocrx_word' id='word_1_401' title='bbox 426 4185 637 4233; x_wconf 68' lang='lat' dir='ltr'>remunerationis</span> <span class='ocrx_word' id='word_1_402' title='bbox 655 4199 745 4232; x_wconf 83' lang='lat' dir='ltr'>cauaaa</span> <span class='ocrx_word' id='word_1_403' title='bbox 764 4182 817 4230; x_wconf 84' lang='lat' dir='ltr'>aime</span> <span class='ocrx_word' id='word_1_404' title='bbox 834 4178 889 4228; x_wconf 82' lang='lat' dir='ltr'>ulla</span> <span class='ocrx_word' id='word_1_405' title='bbox 901 4176 976 4226; x_wconf 82' lang='lat' dir='ltr'>dudio</span> <span class='ocrx_word' id='word_1_406' title='bbox 994 4179 1093 4225; x_wconf 79' lang='lat' dir='ltr'>tautum</span> <span class='ocrx_word' id='word_1_407' title='bbox 1105 4174 1168 4222; x_wconf 80' lang='lat' dir='ltr'>auri</span> <span class='ocrx_word' id='word_1_408' title='bbox 1185 4172 1227 4222; x_wconf 83' lang='lat' dir='ltr'>ael</span> <span class='ocrx_word' id='word_1_409' title='bbox 1243 4167 1328 4234; x_wconf 71' lang='lat' dir='ltr'>arpenti</span> 
     </span>
     <span class='ocr_line' id='line_1_40' title="bbox 137 4255 1328 4335; baseline -0.013 -15"><span class='ocrx_word' id='word_1_410' title='bbox 137 4277 260 4335; x_wconf 70' lang='lat' dir='ltr'>quaerum</span> <span class='ocrx_word' id='word_1_411' title='bbox 277 4272 364 4330; x_wconf 72' lang='lat' dir='ltr'>uelles,</span> <span class='ocrx_word' id='word_1_412' title='bbox 383 4277 521 4335; x_wconf 73' lang='lat' dir='ltr'>posteaque</span> <span class='ocrx_word' id='word_1_413' title='bbox 540 4277 564 4319; x_wconf 79' lang='lat' dir='ltr'>te</span> <span class='ocrx_word' id='word_1_414' title='bbox 582 4286 658 4318; x_wconf 80' lang='lat' dir='ltr'>essem</span> <span class='ocrx_word' id='word_1_415' title='bbox 675 4271 800 4317; x_wconf 74' lang='lat' dir='ltr'>duelurua</span> <span class='ocrx_word' id='word_1_416' title='bbox 816 4262 1033 4328; x_wconf 70' lang='lat' dir='ltr'>inpraesentia»</span> <span class='ocrx_word' id='word_1_417' title='bbox 1054 4260 1153 4309; x_wconf 78' lang='lat' dir='ltr'>Tiberii</span> <span class='ocrx_word' id='word_1_418' title='bbox 1171 4255 1328 4322; x_wconf 70' lang='lat' dir='ltr'>imperatoris·</span> 
     </span>
     <span class='ocr_line' id='line_1_41' title="bbox 141 4343 1330 4407; baseline -0.015 -1"><span class='ocrx_word' id='word_1_419' title='bbox 141 4358 180 4407; x_wconf 76' lang='lat' dir='ltr'>ab</span> <span class='ocrx_word' id='word_1_420' title='bbox 200 4357 249 4406; x_wconf 88' lang='lat' dir='ltr'>hoc</span> <span class='ocrx_word' id='word_1_421' title='bbox 268 4355 331 4406; x_wconf 82' lang='lat' dir='ltr'>inde</span> <span class='ocrx_word' id='word_1_422' title='bbox 351 4358 410 4405; x_wconf 88' lang='lat' dir='ltr'>loco</span> <span class='ocrx_word' id='word_1_423' title='bbox 424 4346 515 4404; x_wconf 68' lang='lat' dir='ltr'>laub</span> <span class='ocrx_word' id='word_1_424' title='bbox 529 4356 613 4405; x_wconf 85' lang='lat' dir='ltr'>multo</span> <span class='ocrx_word' id='word_1_425' title='bbox 626 4354 733 4403; x_wconf 87' lang='lat' dir='ltr'>brevior</span> <span class='ocrx_word' id='word_1_426' title='bbox 746 4358 788 4402; x_wconf 84' lang='lat' dir='ltr'>est</span> <span class='ocrx_word' id='word_1_427' title='bbox 802 4352 830 4401; x_wconf 89' lang='lat' dir='ltr'>in</span> <span class='ocrx_word' id='word_1_428' title='bbox 843 4345 975 4398; x_wconf 78' lang='lat' dir='ltr'>tradenda</span> <span class='ocrx_word' id='word_1_429' title='bbox 987 4344 1126 4395; x_wconf 80' lang='lat' dir='ltr'>Netheuis</span> <span class='ocrx_word' id='word_1_430' title='bbox 1140 4343 1254 4394; x_wconf 77' lang='lat' dir='ltr'>historie</span> <span class='ocrx_word' id='word_1_431' title='bbox 1267 4354 1330 4406; x_wconf 77' lang='lat' dir='ltr'>quem</span> 
     </span>
     <span class='ocr_line' id='line_1_42' title="bbox 138 4433 937 4506; baseline -0.014 -16"><span class='ocrx_word' id='word_1_432' title='bbox 138 4442 228 4492; x_wconf 75' lang='lat' dir='ltr'>ASax:</span> <span class='ocrx_word' id='word_1_433' title='bbox 249 4443 299 4492; x_wconf 86' lang='lat' dir='ltr'>huc</span> <span class='ocrx_word' id='word_1_434' title='bbox 319 4456 402 4506; x_wconf 87' lang='lat' dir='ltr'>usque</span> <span class='ocrx_word' id='word_1_435' title='bbox 421 4457 482 4490; x_wconf 81' lang='lat' dir='ltr'>vero</span> <span class='ocrx_word' id='word_1_436' title='bbox 502 4457 557 4490; x_wconf 87' lang='lat' dir='ltr'>nou</span> <span class='ocrx_word' id='word_1_437' title='bbox 576 4441 616 4489; x_wconf 78' lang='lat' dir='ltr'>ita</span> <span class='ocrx_word' id='word_1_438' title='bbox 634 4439 751 4503; x_wconf 80' lang='lat' dir='ltr'>graviter</span> <span class='ocrx_word' id='word_1_439' title='bbox 770 4433 937 4485; x_wconf 81' lang='lat' dir='ltr'>differebant.</span> 
     </span>
    </p>
   </div>
   <div class='ocr_carea' id='block_1_9' title="bbox 0 0 1472 5062">
    <p class='ocr_par' dir='ltr' id='par_1_9' title="bbox 0 0 1472 5062">
     <span class='ocr_line' id='line_1_43' title="bbox 0 0 1472 5062; baseline 0 0"><span class='ocrx_word' id='word_1_440' title='bbox 0 0 1472 5062; x_wconf 95' lang='lat' dir='ltr'> </span> 
     </span>
    </p>
   </div>
  </div>
 </body>
</html>
