2896 5062
120 383 210 428 ,vm
582 361 854 417 ruciacensem.

120 518 206 583 tatio
227 538 341 582 eorum
357 536 441 598 quae
459 514 547 596 apud
561 513 877 579 Pseudeustathium
893 514 999 594 (Euat)
1017 535 1057 579 ex
1072 516 1322 599 proterangelio

120 630 290 714 leguntur3
306 628 386 692 item
401 624 560 692 nonnulla
576 646 617 691 ex
631 625 801 693 Germano
817 625 1011 707 patriarcha
1021 626 1158 708 (Germ),
1173 626 1324 710 Georgio

120 736 643 820 Nicomediensiffieo),1a00b0
666 736 830 801 monacho
854 737 937 817 (Iac)
961 736 1144 819 petivimus.
1188 737 1325 804 Horum

120 852 217 935 plura
239 852 306 916 iam
329 848 417 933 apud
438 847 615 913 Thilonem
637 846 817 930 habentur,
847 847 1000 913 nonnihil
1022 848 1123 914 etiam
1144 849 1212 913 iam
1236 849 1326 932 apud

120 963 323 1044 Fabricium,
346 959 404 1025 sed
427 980 486 1025 nos
510 959 622 1024 omnia
644 980 685 1024 ex
703 959 785 1040 ipsis
803 958 921 1023 horum
936 964 1069 1041 patrum
1083 959 1179 1025 libris
1188 960 1213 1041 ¹)
1239 967 1327 1026 attu-

120 1075 225 1139 limus
270 1073 375 1138 Primi
403 1092 480 1136 vero
511 1091 646 1154 operam
675 1069 824 1135 dedimus
854 1074 892 1135 ut
919 1091 959 1135 ex
990 1070 1142 1136 omnibus
1174 1072 1327 1155 antiquis

120 1184 318 1250 testimoniis
343 1188 414 1249 arte
438 1183 556 1247 critica
577 1187 705 1247 textum
727 1203 827 1264 quam
849 1182 991 1246 maxime
1014 1182 1223 1264 probabilem
1249 1204 1328 1250 con·

121 1296 346 1388 stitueremus:
368 1314 454 1376 quae
468 1315 521 1359 res
535 1293 647 1376 magni
662 1283 787 1358 laboris
803 1293 867 1357 fuit
881 1314 999 1375 neque,
1016 1293 1050 1357 ni
1064 1293 1172 1376 fallor,
1189 1293 1328 1361 frustra

207 1406 491 1470 Instrumenta
517 1409 649 1470 autem
678 1403 827 1468 critica
849 1404 995 1486 quibus
1024 1404 1063 1468 in
1086 1403 1239 1470 edendo
1262 1408 1328 1472 usi

72 1520 75 1538 '
120 1539 253 1582 sumus
276 1517 375 1581 haec
398 1520 499 1579 sunt.

161 1651 184 1695 a
206 1630 226 1693 i.
237 1649 264 1693 e.
272 1627 422 1695 Venetus
437 1626 633 1692 Marcianus
648 1627 740 1691 elasa
756 1626 805 1691 II.
821 1648 908 1690 num.
919 1624 1036 1692 XLII.
1052 1626 1177 1692 saeculi
1192 1626 1262 1694 fere
1279 1628 1327 1693 X

207 1739 293 1807 Sunt
317 1737 399 1803 folia
429 1737 684 1802 membranacea
713 1758 845 1818 novem,
876 1758 897 1802 a
925 1737 1039 1802 codice
1071 1739 1210 1821 antiquo
1244 1740 1327 1805 olim

207 1850 330 1931 avulsa,
353 1869 441 1913 nunc
463 1849 639 1913 chartaceo
661 1852 854 1930 tegumento
876 1849 1034 1915 involuta
1072 1849 1121 1915 Os.
1140 1849 1257 1915 Graeci
1276 1875 1328 1915 co-

207 1964 285 2025 dices
313 1963 513 2044 manuscripti
539 1961 625 2044 apud
646 1961 768 2022 Naaios
794 1965 949 2024 asservati.
987 1961 1107 2025 Bonan.
1133 1962 1223 2025 1784.
1266 1961 1327 2027 Ibi

209 2077 259 2136 est
281 2071 351 2135 cod.
368 2068 467 2150 CIV„
491 2074 524 2134 et
542 2075 679 2134 notatur
700 2070 861 2149 sermonis
879 2070 1051 2153 trigesimi,
1074 2072 1132 2154 qui
1153 2072 1188 2135 in
1211 2070 1329 2139 codice

207 2181 429 2266 praecedebat
455 2181 739 2264 proterangelium
768 2181 935 2262 signatum
961 2203 1099 2247 numero
1122 2194 1181 2258 Λᾶ,
1211 2205 1328 2267 super·

207 2314 278 2359 esse
311 2292 511 2373 clausulam,
549 2292 629 2356 item
660 2292 819 2357 sermonis
850 2292 1014 2374 trigesimi
1044 2293 1179 2359 secundi
1216 2293 1328 2361 solum

205 2404 354 2486 titulum,
388 2404 446 2486 qui
474 2408 524 2467 est
552 2401 722 2466 ῡωόθεσισ
750 2402 923 2486 σύμτομοσ
953 2398 1020 2467 ulo
1052 2404 1229 2488 εὑρέσεωσ
1260 2401 1328 2470 τοῦ

207 2515 306 2599 ἁγίου
335 2508 497 2597 σταυροῦ·
543 2511 816 2597 ἆμαγιμώσκεται
846 2515 883 2576 δὲ
910 2513 971 2598 reip
1001 2513 1035 2578 ιδ’
1061 2511 1123 2580 τοῦ
1149 2519 1325 2601 Εεωτεθρ.

208 2625 324 2709 nendo.
370 2623 511 2691 Textum
534 2625 700 2706 integrum
723 2625 1018 2707 transscripsimus.

164 2757 185 2802 n
208 2737 227 2800 i.
244 2757 272 2802 e.
286 2736 435 2804 Venetus
449 2735 642 2800 Marcianus
664 2756 800 2800 numero
817 2735 1041 2802 OOCLXIII.
1057 2738 1214 2821 signatus.
1256 2740 1326 2807 Re-

206 2848 333 2914 centior
360 2853 412 2912 est
439 2846 552 2912 codice
575 2868 612 2929 n,
643 2847 700 2912 sed
727 2848 810 2912 nihil
838 2848 979 2931 amplius
1004 2849 1044 2915 de
1073 2870 1111 2914 eo
1135 2851 1169 2915 in
1192 2853 1327 2920 schedis
1372 2910 1377 2921 .

207 2959 290 3024 meis
312 2962 464 3024 notatum
486 2958 605 3041 reperi.
648 2957 824 3042 Integrum
846 2961 1140 3043 transscripsimus.

164 3087 182 3134 c
205 3069 225 3132 i.
243 3090 270 3132 e.
286 3068 392 3133 Paris.
408 3069 491 3152 Reg.
507 3090 594 3133 nunc
609 3068 746 3134 Nation.
768 3091 856 3134 num.
874 3072 965 3134 1454.
988 3072 1111 3137 saeculi
1134 3072 1179 3137 X.
1213 3073 1325 3156 Thilo,

207 3181 259 3245 cui
287 3185 423 3244 notatur
450 3181 533 3263 siglo
557 3202 592 3261 a,
621 3185 750 3245 textum
777 3182 875 3246 huius
902 3182 1148 3265 „antiquissimi
1171 3189 1205 3249 et
1227 3207 1325 3268 prae·

206 3292 421 3356 stantissimi“
444 3290 567 3355 codicis
589 3290 661 3356 loco
684 3292 808 3374 vulgati
832 3292 944 3357 edidit.

161 3424 184 3468 1>
208 3404 228 3468 i.
244 3426 270 3468 e.
291 3403 398 3467 Paris
420 3401 504 3484 Reg.
527 3423 614 3467 nunc
636 3401 772 3467 Nation.
795 3425 881 3468 num.
900 3407 991 3469 1215.
1014 3427 1101 3470 anno
1127 3409 1218 3473 1068.
1240 3411 1325 3474 scri-

204 3520 290 3596 ptus.
327 3513 435 3595 Thilo,
459 3513 548 3596 apud
568 3535 665 3595 quem
688 3512 770 3597 siglo
794 3535 815 3578 Β
837 3521 982 3598 notatur,
1005 3517 1204 3601 scripturam
1224 3521 1326 3587 istius

206 3630 307 3708 atque
330 3627 400 3689 eius
422 3626 479 3708 qui
502 3626 654 3707 sequitur
677 3647 750 3689 cum
773 3647 831 3692 suo
854 3632 949 3692 textu
970 3634 1125 3695 accurate
1148 3650 1182 3694 se
1206 3639 1324 3698 contu·

205 3735 321 3801 tulisse
344 3735 432 3800 dicit.

160 3867 183 3912 n
205 3847 226 3912 i.
242 3869 268 3912 e.
291 3847 399 3911 Paris.
422 3846 505 3930 Reg.
528 3867 616 3911 nunc
637 3845 772 3912 Nation.
795 3869 881 3912 num.
903 3850 994 3914 1468.
1017 3850 1139 3915 saeculi
1155 3851 1221 3916 XI.
1268 3853 1325 3921 De

207 3957 386 4023 collatione
413 3956 580 4039 'Philonia
612 3958 664 4021 cui
693 3957 776 4042 siglo
801 3978 818 4023 c
847 3959 1066 4042 significatur,
1097 3962 1169 4028 vide
1198 3963 1239 4029 ad
1270 3987 1324 4032 co-

206 4068 311 4133 dicem
333 4087 366 4131 n.

149 4188 185 4243 u·
206 4181 226 4243 i.
243 4201 268 4243 e.
287 4183 399 4242 textus
421 4199 517 4261 quem
541 4200 581 4241 ex
596 4178 754 4244 Neandro
778 4185 853 4262 post
870 4181 1061 4265 Grynaeum
1076 4183 1254 4250 Fabricius
1273 4210 1325 4255 re·

206 4290 312 4372 petiit.
357 4288 443 4356 Vide
467 4308 567 4370 supra
589 4310 661 4372 pag.
677 4289 756 4358 XV.

203 4407 286 4510 aaa
305 4448 347 4498 his
366 4447 427 4497 vide
446 4463 525 4511 supra
550 4464 610 4512 pag.
628 4447 688 4499 XII.
