2880 5062
124 344 187 408 204
275 343 508 396 avuncunlum
525 343 720 395 lunanum
738 342 932 395 Atramenti.
966 342 1066 395 mn.
1083 342 1183 406 mv,

129 493 223 579 quod
239 493 333 560 filius
351 494 505 576 ipsorum
521 493 558 558 in
575 515 685 579 agone
704 494 827 561 mortis
843 501 1050 576 versaretur,
1072 493 1332 579 responderunt

126 601 227 684 pueri
253 599 426 664 dicentes:
461 597 593 663 Annon
618 598 768 664 audistis
794 598 888 683 quod
912 619 973 665 rex
998 598 1100 663 dixit:
1138 596 1275 664 Eamus
1297 603 1330 663 ct

126 703 327 770 occidamus
350 699 571 784 serpentem?
593 708 630 768 et
646 723 706 769 vos
726 722 857 769 morem
879 703 911 768 ei
934 724 1005 769 non
1027 699 1183 786 geretis?
1212 701 1264 769 Et
1281 702 1330 769 sic

126 807 213 893 ipsis
224 804 428 873 nolentibus
438 804 601 872 lecticam
616 812 711 872 retro
722 805 953 872 abduxerunt.
979 804 1137 890 Cumque
1153 804 1202 872 ad
1212 804 1328 871 nidum

125 909 225 976 illum
245 909 504 994 pervenissent,
524 909 614 977 dixit
634 910 795 979 dominus
815 909 917 977 Iesus
938 910 1070 995 pueris:
1100 909 1258 976 Hicciue
1277 913 1328 974 est

126 1014 224 1080 locus
244 1010 442 1098 serpentis?
471 1011 591 1097 Atque
613 1014 687 1081 illis
707 1015 961 1098 annuentibus,
982 1034 1129 1098 serpeus
1150 1012 1324 1080 adomiuc

123 1123 267 1184 vocatus
283 1118 358 1183 sine
375 1138 472 1183 mora
486 1117 629 1202 prodiit,
647 1140 724 1186 sese
740 1120 810 1204 ipsi
826 1119 1047 1185 submittens.
1072 1115 1141 1184 Cui
1154 1117 1232 1199 ills,
1245 1115 1325 1197 Abi,

125 1223 257 1306 inquit,
279 1229 315 1287 et
331 1243 432 1287 omne
451 1242 623 1288 venenum
639 1223 732 1305 quod
752 1223 835 1289 huic
850 1244 960 1306 puero
981 1221 1173 1287 insinuasti
1190 1239 1321 1304 exsuge.

125 1326 251 1410 Itaque
274 1345 419 1409 serpens
440 1326 507 1391 iste
530 1326 573 1391 ad
589 1347 737 1411 puerum
759 1326 917 1411 adrepsit
937 1332 973 1392 et
994 1346 1094 1391 omne
1112 1347 1216 1391 snum
1230 1344 1321 1391 vene·

126 1452 208 1494 uum
226 1430 379 1511 exsuxit3
395 1435 480 1495 tuno
494 1428 677 1495 maledixit
693 1430 746 1495 illi
758 1430 918 1496 dominus
929 1429 1047 1495 Iesus:
1065 1450 1134 1513 quo
1151 1427 1244 1494 lacto
1261 1433 1319 1493 sta

126 1534 190 1599 tim
215 1531 377 1617 diruptus
404 1541 472 1615 est;
496 1554 586 1618 puer
608 1541 725 1601 antem
744 1554 849 1600 manu
872 1534 1005 1601 domini
1025 1533 1109 1598 Iesu
1130 1531 1316 1617 permulsus

125 1638 311 1703 convaluit.
342 1637 483 1704 Etcum
499 1637 582 1704 flere
598 1639 786 1722 inciperet,
807 1637 892 1704 Noli
907 1637 1007 1720 flere,
1030 1637 1149 1721 inquit
1166 1634 1314 1702 dominns

126 1740 243 1824 Iesus,
265 1761 343 1807 mox
360 1743 452 1809 enim
468 1760 566 1807 meus
584 1743 653 1808 eris
670 1741 877 1825 discipulus.
906 1741 955 1807 Et
974 1741 1031 1806 bic
1052 1745 1108 1806 est
1124 1738 1243 1807 Simon
1260 1734 1313 1804 Ca·

127 1846 276 1926 nanites,
295 1845 394 1910 cuius
410 1845 447 1909 in
465 1844 645 1928 evangelio
662 1843 702 1911 fit
719 1846 861 1911 mentio.

585 2082 706 2151 Cannu
729 2082 870 2150 XLIII.

211 2254 295 2322 Alio
308 2256 364 2322 die
375 2254 548 2340 Iosephus
565 2256 675 2321 filiurn
692 2255 969 2323 suumIacobum
986 2255 1160 2339 lignatum
1176 2253 1306 2328 miserat,

127 2366 163 2425 et
183 2361 343 2425 comitem
366 2381 402 2426 se
428 2360 481 2425 illi
506 2360 668 2427 dominus
693 2360 795 2426 Iesus
818 2359 1036 2425 adiunxerat.
1075 2355 1229 2441 Cumque
1246 2372 1306 2436 per-

125 2464 304 2529 venissent
325 2464 369 2529 ad
385 2464 500 2529 locum
520 2463 557 2528 in
574 2485 643 2548 quo
660 2463 758 2548 ligna
773 2469 889 2544 erant,
912 2463 1160 2546 coepissetque
1175 2454 1301 2524 Iacobus

126 2566 190 2632 illa
214 2566 396 2651 colligere,
422 2586 503 2631 ecce
523 2566 643 2649 vipera
667 2565 821 2648 maligna
844 2563 941 2630 illius
966 2584 1107 2629 manum
1130 2555 1300 2633 momordit,

127 2669 177 2735 ita
197 2675 237 2734 ut
255 2670 440 2736 vociferari
463 2673 498 2734 et
519 2668 601 2735 flere
623 2669 808 2752 inciperet.
844 2667 936 2732 Ilum
955 2667 1066 2754 igitur
1087 2667 1125 2730 in
1145 2665 1210 2731 hoc
1228 2663 1298 2727 statu

127 2792 274 2839 cernens
294 2773 455 2840 dominus
477 2770 579 2838 Iesus
600 2775 752 2838 accessit
772 2770 816 2837 ad
838 2772 969 2856 ipsum,
993 2771 1179 2854 locumque
1199 2768 1231 2832 in
1248 2775 1298 2845 (111⁰

124 2876 244 2959 vipera
269 2897 347 2942 eum
372 2872 605 2942 momorderat
635 2876 774 2942 afflavit:
807 2896 875 2960 quo
905 2874 998 2940 lactc
1030 2872 1203 2957 extemplo
1225 2882 1298 2934 saue

127 2983 185 3043 tus
203 2985 265 3044 est.

587 3148 711 3217 Carnu
732 3149 867 3218 XLIV.

211 3319 370 3405 Quodam
387 3320 461 3402 die,
485 3340 562 3384 cum
580 3316 741 3388 dominus
757 3319 860 3387 Iesus
879 3321 1006 3386 iterum
1021 3325 1216 3386 versaretur
1227 3315 1296 3379 inter

123 3446 251 3508 pueros
274 3422 391 3508 quiin
413 3430 507 3490 tecto
530 3420 717 3507 ludebant,
743 3423 884 3508 quidam
906 3442 1095 3506 puerorum
1117 3443 1158 3488 ex
1176 3421 1239 3487 alto
1256 3412 1296 3478 dt

125 3525 245 3593 cidens
263 3526 448 3593 confestim
471 3526 649 3611 expiravit.
684 3524 966 3611 Diffugientibus
982 3545 1063 3590 vero
1082 3525 1224 3591 caeteris
1236 3532 1296 3604 pue·

122 3632 171 3696 ris
191 3630 353 3696 dominus
370 3628 472 3695 Iesus
489 3629 585 3696 solus
606 3630 643 3695 iu
662 3634 756 3696 tecto
774 3629 952 3696 remansit.
992 3625 1150 3714 Cumque
1171 3617 1296 3693 advenis·

124 3738 203 3799 sent
217 3732 408 3818 propinqui
426 3729 524 3797 illius
539 3733 652 3816 pueri,
676 3732 841 3799 dixerunt
859 3731 1000 3799 dominc
1017 3730 1117 3798 Iesu:
1147 3728 1200 3798 Tu
1213 3725 1297 3793 filim

123 3844 280 3904 nostrum
302 3857 343 3902 ex
358 3840 453 3901 tecto
470 3834 700 3920 praecipitem
717 3835 857 3901 dedisti.
893 3834 963 3900 Illo
985 3840 1103 3901 autem
1123 3834 1160 3900 id
1176 3824 1297 3916 negauit

121 3939 304 4006 vociferati
320 3945 403 4005 sunt
419 3938 593 4005 diceutes:
624 3936 740 4004 Filius
757 3945 877 4005 noster
892 3945 1052 4003 mortuus
1070 3943 1134 4020 est,
1151 3941 1186 4002 et
1198 3935 1248 4000 hic
1260 3921 1302 3990 est

122 4045 183 4129 qui
204 4065 282 4111 eum
302 4041 493 4109 interfecit.
541 4040 678 4126 Quibus
701 4037 862 4107 dominus
883 4039 1004 4123 Iesus,
1029 4037 1083 4106 Ne
1105 4061 1176 4124 me,
1199 4025 1305 4119 inquit

121 4147 305 4226 infamate;
330 4143 457 4229 quodsi
482 4144 567 4210 mihi
593 4166 663 4210 non
689 4144 852 4228 creditis,
878 4145 971 4229 agite
996 4163 1158 4228 rogemus
1181 4139 1310 4228 puero1ss

188 4322 283 4373 XLIV.
301 4321 342 4371 No
352 4336 405 4378 mc,
421 4319 518 4385 inquit,
535 4321 660 4385 infamata
672 4344 681 4358 ·
695 4346 704 4358 ·
717 4323 787 4386 cpite
798 4336 928 4385 repertae.-
946 4322 987 4370 ita
1000 4320 1041 4370 I'l.
1054 4335 1102 4384 pro
1116 4319 1184 4369 Sikii
1195 4308 1316 4374 intem*

120 4411 225 4462 tutione
239 4408 302 4457 hae:
328 4405 367 4455 Ne
379 4421 425 4463 me,
445 4406 536 4469 iuquit,
549 4407 796 4471 arquitefociaoria
810 4408 882 4456 caiae
892 4407 1039 4471 mapsam
1053 4421 1091 4455 me
1104 4406 1243 4455 comm
1249 4384 1323 4463 W

120 4497 195 4552 ritis,-
210 4493 254 4543 red
266 4491 337 4555 cpite
348 4505 465 4554 rocem
