2880 5062
791 147 814 195 't‘

333 356 665 408 Peenno-Mluufluul
683 358 922 408 EVANGELIUM.
951 358 1024 408 CAP.
1042 360 1088 409 IV.
1272 360 1309 421 61

123 506 244 571 dicens:
276 505 393 573 Vidua
417 527 524 586 eram,
549 514 584 572 et
605 527 685 572 ecce
707 508 774 572 iam
791 530 861 574 non
878 530 967 589 sum;
990 504 1120 574 sterilis
1145 530 1253 589 eram,
1277 516 1313 574 et

121 629 192 674 ecce
217 608 284 672 iam
311 611 467 693 concepi.
504 609 551 673 Et
576 609 706 675 factum
732 619 786 675 est
811 611 975 695 gaudium
1000 632 1162 694 magnum
1186 612 1311 676 vicinis

119 709 270 777 omnibus
289 717 324 776 et
340 714 433 777 notis
451 715 537 793 eius,
554 713 605 779 ita
618 719 658 778 ut
672 715 834 780 universa
849 722 943 780 terra
953 714 1066 779 Israel
1083 714 1125 779 de
1140 713 1312 779 istafama

117 812 354 898 gratularetur.

606 985 727 1053 Oneon
750 986 813 1055 IV.

199 1136 282 1203 Post
297 1138 383 1204 haec
400 1145 515 1204 autem
537 1140 685 1224 expletis
707 1142 886 1207 mensibus
909 1163 1031 1206 novem
1051 1141 1189 1223 peperit
1204 1137 1311 1204 Anna

125 1237 228 1321 iliam,
245 1246 280 1305 et
293 1242 428 1307 vocavit
444 1264 570 1308 nomen
587 1245 663 1308 eius
674 1243 833 1309 Mariam.
859 1243 945 1309 Cum
962 1250 1078 1308 autem
1095 1245 1200 1309 tertio
1218 1264 1308 1307 anno

130 1342 340 1425 perlactasset
362 1366 454 1427 eam,
476 1347 641 1412 abierunt
657 1348 761 1412 simul
777 1346 932 1412 Ioachim
955 1354 989 1412 et
1006 1345 1111 1411 Anna
1131 1365 1218 1409 uxor
1234 1346 1309 1409 eius

83 1450 86 1497 Ι
134 1444 168 1509 ad
180 1447 337 1530 templum
354 1448 501 1531 domini,
525 1458 560 1514 et
576 1450 762 1515 offerentes
779 1449 913 1514 hostias
931 1449 1070 1513 domino
1087 1447 1310 1513 tradiderunt

137 1545 318 1615 infantulam
336 1572 433 1616 suam
443 1551 591 1617 Mariam
608 1555 644 1617 in
662 1552 931 1618 contubernium
946 1552 1127 1634 virginum,
1146 1571 1235 1635 quae
1253 1549 1308 1613 die

138 1658 285 1736 noctuque
302 1655 338 1718 in
351 1654 408 1720 dei
418 1655 582 1721 laudibus
593 1655 855 1739 permanebant.
881 1652 978 1737 Quae
991 1675 1068 1718 cum
1084 1653 1200 1736 posita
1217 1658 1311 1716 esset

140 1758 199 1817 ante
212 1757 373 1840 templum
392 1757 538 1840 domini,
562 1757 761 1841 quindecim
783 1757 911 1841 gradus
934 1759 985 1822 ita
1001 1756 1129 1822 cursim
1151 1755 1310 1820 ascendit

140 1860 168 1916 ut
179 1860 304 1937 penitus
322 1881 392 1924 non
413 1861 588 1943 aspiceret
604 1867 805 1941 retrorsum,
826 1880 952 1943 neque,
975 1866 1015 1924 ut
1031 1858 1173 1923 solitum
1191 1864 1244 1922 est
1259 1859 1310 1921 in·

141 1952 253 2042 santiae,
268 1965 651 2046 parentesrequireret.
675 1962 717 2025 In
729 1983 797 2046 quo
814 1962 907 2027 facto
925 1983 1043 2027 omnes
1062 1968 1204 2042 stupore
1222 1967 1310 2025 atto-

141 2058 188 2123 niti
201 2065 414 2146 tenebantur,
431 2065 481 2130 ita
497 2072 536 2129 ut
552 2072 587 2130 et
603 2065 671 2147 ipsi
687 2064 871 2147 pontifices
887 2064 1009 2147 templi
1026 2065 1247 2128 mirarentur.

141 2195 321 2215 Ἢ

139 2271 202 2320 “0⁸1⁰
215 2281 237 2324 et
250 2277 353 2338 pretias
368 2276 465 2339 uqendo
482 2276 581 2324 domino
599 2276 667 2324 dicit
686 2271 690 2338 Ι
712 2273 797 2322 Vidua
814 2298 822 2310 ·
841 2273 938 2322 sterilis
950 2289 1020 2321 eram
1034 2272 1081 2335 (cn
1095 2273 1148 2334 om)
1166 2300 1175 2309 ·
1192 2274 1243 2320 iam
1261 2270 1308 2332 (cu

138 2352 177 2412 01ηΙ
185 2363 272 2425 suscepi
282 2361 309 2424 (c
319 2359 471 2424 coemptam)
481 2376 503 2410 c.
514 2372 587 2409 acne
595 2377 601 2419 3
613 2374 630 2408 n
641 2367 703 2425 pout
715 2360 799 2408 Vidua
810 2374 880 2407 mam
890 2359 979 2423 pergit
988 2364 1014 2407 et
1020 2375 1069 2423 per
1077 2359 1120 2407 dei
1127 2359 1240 2421 qratiam
1249 2358 1308 2405 iant.

139 2429 273 2503 lEtsanun
284 2452 322 2496 est
335 2462 358 2495 e.
371 2459 439 2506 cns3
453 2458 489 2494 Au
500 2447 591 2511 Itaque
604 2447 713 2495 adorato
725 2446 824 2495 domino
836 2447 934 2493 domun
946 2449 1004 2493 eunt
1015 2446 1131 2509 inpressi.
1149 2443 1208 2492 Hoc
1219 2443 1308 2490 audito

83 2592 85 2601 Ι
131 2517 184 2578 Μ
194 2534 227 2577 est
237 2527 241 2592 Ι
253 2532 342 2580 omnib.
357 2531 383 2593 (c
397 2548 451 2579 oum
463 2532 564 2595 crinib.)
577 2533 644 2580 notis
656 2536 682 2580 et
692 2531 765 2596 affin.
779 2531 810 2593 (n
822 2530 923 2591 ricinis)
936 2547 1021 2580 eorum
1034 2546 1092 2580 cum
1106 2542 1174 2588 (ωας
1189 2541 1206 2576 Δ
1218 2528 1308 2576 vicimo

136 2610 203 2660 ⁰¹¹5&
221 2621 243 2665 et
264 2618 331 2666 notis
347 2618 401 2665 eius
420 2615 423 2681 Ι
441 2618 481 2666 ita
497 2621 526 2666 ut
542 2643 551 2654 -
568 2621 642 2665 terra
658 2617 745 2666 Israel
763 2616 791 2679 (n
808 2620 834 2665 et
851 2615 943 2677 affines
959 2631 1006 2679 pro
1020 2614 1084 2677 Isr.)
1101 2640 1110 2651 ·
1126 2613 1307 2678 qratularetur

134 2683 154 2744 (¹
167 2705 262 2758 mentm
280 2716 299 2751 1>
310 2703 471 2766 qloriaretur
486 2702 527 2751 vel
541 2701 733 2765 qratularetur)
747 2715 806 2750 cum
819 2713 907 2759 ecum
925 2713 942 2747 B
960 2702 998 2749 ita
1010 2700 1076 2764 quod
1087 2701 1119 2750 de
1131 2701 1177 2748 hoc
1186 2699 1304 2763 protule-

132 2767 206 2829 less„
214 2789 327 2837 uniuerso
339 2792 411 2836 terre

186 2866 225 2921 Ν.
256 2873 321 2923 Post
339 2898 347 2908 ·
367 2873 474 2937 repletis
496 2871 525 2934 (n
545 2871 686 2936 completis)
702 2888 734 2921 m.
752 2888 838 2922 nouem
857 2871 886 2934 (u
904 2871 972 2919 IIII
985 2869 1072 2932 mens.)
1087 2870 1189 2933 peperit
1207 2868 1234 2929 (a
1253 2866 1305 2916 add

130 2942 158 3002 “l
173 2975 181 2984 ·
194 2971 240 3005 coe.
261 2975 348 3008 nomen
371 2959 425 3006 eius
446 2957 495 3021 (AB
518 2973 570 3006 enoc.
588 2956 654 3019 eam)
671 2960 757 3008 Mar:
781 2960 874 3008 cPost
891 2982 900 2993 ·
919 2957 1034 3019 concepit
1051 2956 1128 3003 Anna
1151 2954 1306 3018 expletisque

127 3037 190 3083 Μ’.
200 3057 248 3091 nor.
258 3060 317 3108 pep.
327 3043 416 3109 filiam
429 3049 472 3094 ete
492 3041 496 3107 Ι
519 3043 578 3091 Ouns
591 3048 674 3093 autem
687 3043 715 3106 (a
727 3043 798 3107 erqo)
811 3051 869 3093 etc:
887 3055 904 3091 n
921 3041 1002 3103 Quum
1014 3056 1069 3088 cum
1086 3065 1095 3075 ·
1112 3055 1166 3087 earn
1178 3038 1304 3086 ablactas-

127 3118 161 3160 Μ
174 3127 209 3174 etc
221 3125 224 3191 Ι
236 3132 260 3178 et
271 3131 405 3196 efferentes
419 3155 427 3166 ·
443 3128 599 3193 infantulam
613 3145 684 3177 suam
696 3128 862 3193 (nsamutam
870 3128 923 3190 dei)
938 3153 946 3163 -
960 3128 986 3174 in
1003 3125 1188 3175 contubernium
1201 3123 1228 3185 (ο
1242 3121 1305 3184 ¹nic)

127 3196 233 3265 'l'tlsum
244 3229 303 3263 cnm
316 3225 385 3273 cns,
399 3228 431 3263 u:
444 3215 541 3263 nonnas
553 3214 599 3264 dec
611 3215 733 3272 oblaturi,
746 3216 877 3264 tradentes
888 3215 935 3278 ins.
947 3213 1045 3261 nomine
1054 3211 1125 3260 Mar.
1138 3211 1164 3258 in
1177 3209 1305 3258 contuber-

124 3282 165 3332 ’ὦ
174 3295 226 3360 2qu.
244 3298 249 3365 Ι
269 3315 333 3363 quae
353 3325 361 3335 ·
376 3300 560 3364 permanebant
577 3298 604 3361 (c
616 3299 764 3355 manebant,·
783 3299 1018 3363 uperseverabant)
1032 3312 1090 3345 cum
1103 3308 1170 3354 cnm
1188 3308 1206 3344 Δ
1218 3296 1244 3342 in
1257 3311 1305 3358 quo

125 3361 165 3418 ⁶5²
177 3385 198 3428 et
211 3389 277 3434 sorte
288 3384 401 3447 nirqines
417 3410 426 3420 ·
442 3385 585 3449 pemnaneb.
604 3381 609 3448 Ι
629 3389 688 3434 ante
700 3384 785 3448 templ.
798 3386 892 3433 domini
904 3390 935 3433 nt
948 3395 998 3442 cu;
1017 3384 1082 3432 itam
1101 3381 1198 3430 omisso
1211 3380 1306 3429 domini

124 3457 156 3511 ¹3
172 3476 199 3513 ln
210 3471 350 3535 anteferas
361 3469 450 3533 templi
467 3467 471 3532 Ι
491 3471 630 3534 quindecim
640 3471 716 3533 prud.
730 3470 758 3530 (Β
771 3470 823 3519 add
836 3470 935 3535 templi)
948 3484 1018 3516 -son
1031 3482 1086 3530 asp.
1096 3470 1202 3515 retrors.
1216 3466 1243 3526 (u
1255 3480 1303 3512 non

122 3547 253 3617 “tilma)
264 3572 343 3621 neque
355 3554 381 3617 (c
395 3556 429 3618 et)
447 3561 476 3605 ut
487 3555 588 3605 solitum
606 3561 644 3605 est
660 3555 691 3618 (n
703 3554 778 3616 solet)
791 3557 918 3620 infantiae
930 3553 977 3615 (cn
990 3552 1044 3613 om)
1053 3567 1114 3615 par.
1127 3549 1157 3612 (n
1171 3549 1223 3599 add
1236 3548 1304 3611 suos)

121 3632 247 3693 ’ΨΜ
264 3640 291 3705 (c
303 3641 445 3707 requirere)
458 3656 516 3690 cum
530 3654 598 3700 cnm
617 3655 634 3690 Δ
653 3642 692 3691 ita
703 3640 784 3690 ueloci
796 3656 871 3689 eursu
889 3639 1022 3688 mamae
1033 3637 1120 3702 quini.
1130 3636 1206 3700 prad.
1224 3640 1254 3684 ut
1261 3652 1303 3699 pe.

123 3718 216 3772 'mora
226 3742 273 3775 non
285 3729 432 3791 respiceret.
457 3727 550 3792 Longe
563 3727 643 3777 aliter
656 3731 719 3792 post
732 3728 876 3791 anteferas
887 3724 974 3788 templi
986 3735 1018 3772 ez
1037 3727 1096 3772 ante
1108 3723 1162 3771 eius
1173 3723 1304 3770 introitum

120 3789 241 3857 QX?
249 3813 347 3875 quadus
361 3812 517 3877 psalmorum
533 3829 581 3877 per
592 3812 650 3860 XV
663 3813 817 3861 ascensionis
831 3812 936 3874 qradus.
961 3810 1027 3858 Nam
1045 3808 1163 3872 templium
1179 3809 1205 3855 in
1223 3812 1304 3856 mente

123 3888 184 3945 “tt
198 3899 219 3942 et
228 3896 261 3944 ibi
269 3903 326 3946 mat
338 3897 424 3947 altare
437 3903 605 3947 constructam
617 3898 768 3954 holocausti,
785 3897 929 3961 quodsoris
941 3912 1012 3944 secus
1023 3892 1214 3957 (forinsecuui)
1233 3893 1304 3941 adiri

122 3967 288 4036 &rurum
299 4000 348 4033 non
360 3984 469 4032 uolebat.
495 3984 600 4047 Ounmue
611 3984 663 4047 ipsi
673 3984 821 4031 uestimenta
833 3983 935 4046 quaein
947 3983 1038 4030 itinere
1050 3980 1175 4030 trabebant
1185 3982 1304 4027 eruerent

124 4054 157 4097 ’Ψ
163 4071 186 4105 ⁶²
194 4078 252 4115 more
262 4069 434 4118 mundioribus
445 4086 471 4118 se
482 4069 635 4118 uestimentis
646 4070 787 4125 induerent,
800 4069 872 4131 oirqc
884 4068 986 4116 domina
995 4066 1086 4116 Maria
1097 4065 1232 4128 eiqillatim
1241 4080 1302 4128 qra-

124 4130 173 4187 dg,
183 4147 226 4196 sine
235 4152 346 4202 &centis
356 4171 431 4203 manu
448 4171 479 4202 ae
491 4155 615 4203 elevantis
626 4156 765 4204 adscendit.
787 4149 791 4217 Ι
809 4154 842 4200 In
853 4168 899 4216 quc
913 4178 921 4189 ·
939 4157 1044 4217 stupere
1056 4156 1103 4201 att.
1116 4150 1194 4198 tenet.
1212 4149 1240 4211 (u
1251 4155 1302 4198 stu·

124 4229 173 4310 Ψ
184 4233 278 4299 ¹turbat)
297 4264 306 4275 ·
323 4244 349 4289 et
365 4241 416 4304 ipsi
434 4239 510 4301 (hoec
530 4255 572 4289 om
584 4239 631 4302 on)
645 4245 701 4289 etc:
720 4253 737 4287 n
756 4239 826 4288 Unde
841 4243 963 4303 parentes
977 4239 1081 4301 pariter
1098 4239 1261 4299 stupuerunt,
1278 4240 1303 4283 et

130 4310 284 4387 'eiutenplt
291 4326 386 4392 pontis.
405 4325 529 4374 admirati
545 4329 604 4374 sunt
621 4327 781 4374 veliementer.
806 4337 823 4372 Δ
837 4339 899 4373 vero
918 4323 989 4371 Unde
997 4326 1120 4387 parentes
1131 4323 1185 4370 etus
1196 4320 1303 4369 solliciti

130 4395 217 4460 ’ΨΜ
227 4407 342 4473 irusantem
353 4411 518 4474 requirentes,
527 4412 631 4475 pariter
642 4411 713 4460 ambo
724 4413 889 4474 stupuerunt,
908 4424 1034 4473 quousque
1045 4423 1099 4456 eam
1117 4408 1265 4455 inuenerunt
1276 4405 1302 4452 in

134 4472 208 4543 ¹⁶le
218 4491 250 4540 ira
260 4500 288 4543 ut
297 4499 322 4544 et
332 4496 386 4560 ips.¹
393 4496 478 4561 templ.
489 4501 560 4560 pont.
572 4497 630 4545 mir.
