2896 5062
120 389 234 434 xnvm
583 367 857 419 Psouueouuul.

124 546 198 590 cum
220 525 262 587 iis
286 520 516 587 convenientia
539 540 624 601 quae
647 517 808 583 Irenaeus
831 517 901 583 adv.
916 519 1043 583 haeres.
1057 517 1087 599 Ι,
1102 520 1152 582 20.
1176 539 1217 582 ex
1232 517 1321 583 Mar·

122 636 287 701 cosiorum
313 631 423 697 libello
453 630 550 696 affert
577 635 615 694 ut
643 635 701 694 aut
727 630 913 694 Marcosios
940 629 1061 694 librum
1088 629 1237 695 Thomae
1265 636 1322 695 aut

121 743 430 810 Pseudo-Thomam
461 741 704 807 Maroosiorum
736 740 856 805 librum
887 740 1077 806 adhibuisse
1109 741 1323 807 statuendum

122 859 175 921 sit.
218 855 293 920 Iam
315 875 392 919 vero
415 853 456 918 ab
480 852 724 917 Marcosiorum
745 851 857 934 aliquo
879 852 988 933 ipsum
1010 851 1157 916 Thomae
1186 873 1324 935 evange·

121 969 201 1033 lium
225 967 451 1048 conscriptum
473 970 554 1047 esse,
577 985 642 1028 non
665 964 736 1028 sine
759 963 995 1046 probabilitate
1018 984 1093 1027 cum
1111 962 1325 1029 Bellosobrio

123 1080 257 1159 dixeris,
281 1077 445 1159 siquidem
468 1096 551 1158 quae
575 1075 728 1158 gnostica
750 1095 821 1139 esse
845 1074 985 1138 vidimus
1009 1074 1122 1138 eadem
1144 1074 1326 1141 Marcosiis

123 1190 298 1256 convenire
330 1187 488 1252 credibile
520 1192 585 1265 est;
617 1185 812 1269 allegoricos
834 1205 911 1250 vero
938 1185 1127 1250 litterarum
1158 1186 1252 1250 lusus
1283 1209 1328 1252 an

122 1301 179 1368 alii
202 1306 337 1384 praeter
359 1298 545 1363 Marcosios
569 1297 778 1362 exercuerint
789 1298 814 1379 1)
843 1318 911 1361 non
935 1296 1049 1378 liquet.
1092 1297 1150 1362 Ab
1172 1298 1225 1361 his
1249 1315 1327 1363 vero

123 1419 302 1495 postquam
325 1412 478 1474 inventus
501 1415 552 1473 est
574 1408 717 1489 libellus
741 1408 784 1472 ad
806 1406 951 1489 reliquos
973 1405 1131 1488 Docetas,
1153 1406 1195 1472 ad
1217 1406 1327 1474 Naas-

123 1545 219 1588 senos
243 1527 342 1603 (teste
357 1520 676 1603 Pseudo-Origene),
699 1520 850 1601 inprimis
873 1519 916 1583 ad
939 1518 1154 1584 Manichaeos
1177 1521 1326 1600 transiit;

123 1655 229 1716 neque
253 1632 386 1714 passim,
408 1635 446 1695 ut
467 1637 582 1696 notum
605 1637 663 1712 est,
686 1632 767 1713 ipsis
791 1629 975 1697 Catholicis
998 1630 1165 1713 displicuit
1175 1631 1212 1713 2).

192 1819 294 1888 VIII.
338 1818 663 1888 EVANGELIUM
688 1817 961 1883 INFANTIAE
986 1817 1250 1885 ARABIOUM.

208 1957 396 2039 Antiquum
423 1956 513 2021 istud
540 1978 580 2020 ac
608 1955 821 2020 memorabile
847 1960 1097 2020 monumentum
1120 1957 1328 2039 superstitio

123 2070 175 2133 nis
203 2067 471 2134 Christianorum
504 2067 713 2132 orientalium
744 2066 910 2130 noluimus
937 2066 1050 2132 deesse
1081 2067 1117 2131 in
1143 2067 1209 2131 hac
1239 2089 1327 2133 noua

124 2180 390 2263 apocryphorum
422 2178 668 2261 evangeliorum
699 2178 903 2242 collectione.
957 2177 1055 2261 Quod
1086 2199 1187 2260 quum
1220 2180 1328 2261 prima

124 2297 228 2374 parte,
250 2311 311 2372 per
334 2290 445 2371 capita
467 2289 536 2353 lere
559 2310 685 2371 novem,
708 2289 749 2353 ad
773 2289 943 2371 evangelia
966 2288 1238 2373 Pseudo-Iacchi,
1262 2290 1329 2355 Lu-

124 2423 182 2468 cae
211 2407 244 2465 et
265 2399 445 2481 Matthaei,
477 2407 637 2481 extrema,
670 2399 746 2464 inde
770 2422 790 2465 a
810 2400 980 2464 tricesimo
1009 2405 1101 2465 sexto
1131 2402 1253 2483 capite,
1285 2403 1328 2468 ad

124 2510 417 2578 Pseudo-Thomas
433 2510 554 2575 librum
569 2511 763 2593 plerumque
787 2511 1026 2576 conformatum
1049 2517 1107 2593 est,
1129 2517 1200 2576 tum
1219 2515 1329 2579 media

125 2629 229 2707 parte,
252 2622 413 2687 odecimo
438 2622 547 2704 capite
570 2643 675 2704 usque
699 2622 741 2685 ad
760 2623 965 2687 tricesimum
982 2623 1142 2705 quintum,
1165 2624 1328 2690 eiusmodi

126 2736 267 2799 maxime
290 2733 418 2798 fabulas
442 2734 590 2798 continet
607 2754 690 2815 quas
712 2735 846 2816 proprie
869 2734 1046 2798 orientales
1061 2733 1161 2815 dicas,
1183 2737 1331 2818 repletas

126 2845 254 2911 Satana
276 2845 571 2927 daemonibusque,
599 2845 764 2910 veneficiis
787 2845 991 2927 magicisque
1018 2846 1154 2911 artibus.
1198 2846 1331 2914 Eodem

127 2957 279 3022 orientali
310 2957 443 3039 ingenio
476 2977 541 3037 quo
572 2957 656 3020 haec
693 2957 819 3038 scripta
851 2961 927 3020 sunt
958 2956 1068 3020 valent
1099 2979 1139 3022 ea
1169 2980 1255 3040 quae
1288 2962 1332 3025 ad

128 3073 313 3132 commenta
336 3090 375 3132 ex
398 3068 526 3150 graecis
548 3067 726 3149 latinisque
749 3067 842 3132 libris
858 3069 963 3149 pet-ita
978 3068 1154 3150 adduntur,
1176 3077 1215 3133 ut
1236 3077 1332 3137 ortus

128 3177 273 3243 Messiae
290 3200 310 3242 a
325 3178 506 3242 Zoroastre
522 3178 712 3260 praedictus
736 3177 977 3261 (capiteVII.)‚
999 3184 1036 3242 ut
1058 3181 1170 3244 taenia
1192 3181 1334 3248 infantis

128 3313 148 3354 a
167 3288 279 3354 Maria
301 3291 404 3373 magis
428 3288 642 3354 adorantibus
664 3289 751 3368 data,
774 3292 849 3372 igne
872 3312 938 3354 non
962 3291 1198 3372 comprehensa
1223 3297 1333 3378 (capp.

128 3400 215 3483 VII,
238 3400 369 3483 Vm),
397 3422 418 3464 u
457 3421 543 3482 quae
566 3401 606 3464 de
629 3401 722 3482 pueri
745 3401 866 3482 peritia
887 3401 1112 3467 astronomica
1135 3409 1168 3467 et
1191 3403 1333 3488 physica

128 3512 362 3594 praedicantur
386 3518 492 3594 (capp.
510 3511 575 3594 LI,
595 3511 687 3594 LII.)
733 3510 811 3576 Huc
834 3513 977 3594 quadrat
1000 3514 1101 3577 etiam
1124 3513 1215 3596 quod
1238 3536 1332 3597 syco-

128 3644 241 3687 morus
256 3645 361 3705 prope
376 3624 564 3692 Mataream
580 3645 702 3706 pagum
724 3645 790 3688 una
812 3645 884 3687 cum
901 3624 992 3688 fonte
1017 3623 1072 3704 (cf.
1089 3646 1157 3707 cap.
1173 3624 1331 3709 XXIV.)

129 3734 308 3798 etiamnum
331 3735 365 3797 in
388 3736 601 3799 veneratione
625 3735 776 3816 habetur,
799 3743 833 3799 et
852 3735 985 3817 quidem
1008 3758 1028 3799 a
1042 3734 1332 3803 Mohammedanis

129 3844 204 3908 illas
227 3845 379 3927 regiones
403 3846 620 3911 incolentibus
643 3847 769 3928 pariter
793 3851 893 3928 atque
917 3868 936 3910 a
959 3845 1160 3911 Christianis
1188 3851 1331 3915 orienta-

128 3954 225 4020 libus,
255 3954 343 4019 Item
359 3955 447 4037 quod
468 3958 626 4022 memoria
646 3957 760 4039 templi
783 3958 817 4021 in
834 3978 898 4039 quo
915 3979 1070 4041 magnum
1086 3959 1330 4041 Aegyptiorum

215 4185 237 4250 1)
255 4188 312 4237 Hae
337 4188 369 4237 de
393 4203 422 4237 re
445 4189 481 4237 cf·
503 4189 590 4238 locum
616 4190 821 4241 disertissimum
845 4192 874 4240 in
897 4191 970 4257 Orig.
989 4193 1144 4256 Philosoph.
1169 4192 1211 4243 od.
1231 4196 1330 4246 Miller.

130 4274 215 4324 Oxou.
236 4276 310 4325 1851.
333 4291 393 4340 pag.
413 4275 462 4324 205
482 4291 539 4339 sqq.

216 4354 240 4418 2)
260 4358 299 4406 lld
318 4358 388 4408 hanc
407 4358 439 4407 de
459 4364 555 4408 natura
574 4361 708 4424 evangelii
727 4361 920 4425 expositionem
941 4378 1030 4412 rursus
1048 4362 1219 4414 adhibuimus
1233 4365 1349 4417 dieser·-

130 4442 262 4491 tationem
281 4447 399 4491 nostram
417 4441 555 4506 Hagnnam
580 4441 593 4504 §
613 4445 652 4493 10.
