<?xml version="1.0" encoding="UTF-8"?>
<!DOCTYPE html PUBLIC "-//W3C//DTD XHTML 1.0 Transitional//EN"
    "http://www.w3.org/TR/xhtml1/DTD/xhtml1-transitional.dtd">
<html xmlns="http://www.w3.org/1999/xhtml" xml:lang="en" lang="en">
 <head>
  <title>
</title>
<meta http-equiv="Content-Type" content="text/html;charset=utf-8" />
  <meta name='ocr-system' content='tesseract 3.04.00' />
  <meta name='ocr-capabilities' content='ocr_page ocr_carea ocr_par ocr_line ocrx_word'/>
</head>
<body>
  <div class='ocr_page' id='page_1' title='image "./evangeliaapocry01tiscgoog_0293.png"; bbox 0 0 2896 5062; ppageno 0'>
   <div class='ocr_carea' id='block_1_1' title="bbox 187 347 1223 410">
    <p class='ocr_par' dir='ltr' id='par_1_1' title="bbox 187 347 1223 410">
     <span class='ocr_line' id='line_1_1' title="bbox 187 347 1223 410; baseline 0 -10"><span class='ocrx_word' id='word_1_1' title='bbox 187 347 248 410; x_wconf 87' lang='lat'>188</span> <span class='ocrx_word' id='word_1_2' title='bbox 357 347 592 399; x_wconf 68' lang='lat' dir='ltr'>avuncunlum</span> <span class='ocrx_word' id='word_1_3' title='bbox 611 348 803 399; x_wconf 69' lang='lat' dir='ltr'>malumus</span> <span class='ocrx_word' id='word_1_4' title='bbox 821 349 1015 400; x_wconf 64' lang='lat' dir='ltr'>enimcum.</span> <span class='ocrx_word' id='word_1_5' title='bbox 1041 348 1113 400; x_wconf 78' lang='lat' dir='ltr'><strong>XVI·</strong></span> <span class='ocrx_word' id='word_1_6' title='bbox 1132 349 1223 400; x_wconf 81' lang='lat' dir='ltr'>xvn.</span> 
     </span>
    </p>
   </div>
   <div class='ocr_carea' id='block_1_2' title="bbox 186 496 1405 788">
    <p class='ocr_par' dir='ltr' id='par_1_2' title="bbox 186 496 1405 788">
     <span class='ocr_line' id='line_1_2' title="bbox 186 496 1402 583; baseline 0.003 -21"><span class='ocrx_word' id='word_1_7' title='bbox 186 498 310 564; x_wconf 89' lang='lat' dir='ltr'>laudes</span> <span class='ocrx_word' id='word_1_8' title='bbox 333 505 369 563; x_wconf 91' lang='lat' dir='ltr'>et</span> <span class='ocrx_word' id='word_1_9' title='bbox 389 503 506 581; x_wconf 83' lang='lat' dir='ltr'>grates</span> <span class='ocrx_word' id='word_1_10' title='bbox 529 498 610 581; x_wconf 88' lang='lat' dir='ltr'>egit.</span> <span class='ocrx_word' id='word_1_11' title='bbox 652 496 797 564; x_wconf 80' lang='lat' dir='ltr'>Incolae</span> <span class='ocrx_word' id='word_1_12' title='bbox 820 504 937 564; x_wconf 88' lang='lat' dir='ltr'>autem</span> <span class='ocrx_word' id='word_1_13' title='bbox 960 499 1036 563; x_wconf 89' lang='lat' dir='ltr'>eius</span> <span class='ocrx_word' id='word_1_14' title='bbox 1058 499 1179 583; x_wconf 90' lang='lat' dir='ltr'><strong>oppidi</strong></span> <span class='ocrx_word' id='word_1_15' title='bbox 1202 499 1269 565; x_wconf 89' lang='lat' dir='ltr'>illa</span> <span class='ocrx_word' id='word_1_16' title='bbox 1295 506 1402 567; x_wconf 87' lang='lat' dir='ltr'>noete</span> 
     </span>
     <span class='ocr_line' id='line_1_3' title="bbox 186 600 1405 686; baseline 0.002 -20"><span class='ocrx_word' id='word_1_17' title='bbox 186 601 314 686; x_wconf 92' lang='lat' dir='ltr'>gaudio</span> <span class='ocrx_word' id='word_1_18' title='bbox 331 601 567 683; x_wconf 76' lang='lat' dir='ltr'><strong>exsultarunt,</strong></span> <span class='ocrx_word' id='word_1_19' title='bbox 588 622 629 666; x_wconf 91' lang='lat' dir='ltr'>ac</span> <span class='ocrx_word' id='word_1_20' title='bbox 646 600 749 665; x_wconf 90' lang='lat' dir='ltr'>deum</span> <span class='ocrx_word' id='word_1_21' title='bbox 765 601 982 685; x_wconf 80' lang='lat' dir='ltr'>angelosque</span> <span class='ocrx_word' id='word_1_22' title='bbox 1000 602 1077 666; x_wconf 89' lang='lat' dir='ltr'>eius</span> <span class='ocrx_word' id='word_1_23' title='bbox 1094 600 1139 667; x_wconf 92' lang='lat' dir='ltr'>ad</span> <span class='ocrx_word' id='word_1_24' title='bbox 1156 622 1233 668; x_wconf 88' lang='lat' dir='ltr'>sese</span> <span class='ocrx_word' id='word_1_25' title='bbox 1253 603 1405 669; x_wconf 88' lang='lat' dir='ltr'>descen-</span> 
     </span>
     <span class='ocr_line' id='line_1_4' title="bbox 187 703 477 788; baseline -0.003 -19"><span class='ocrx_word' id='word_1_26' title='bbox 187 703 280 770; x_wconf 83' lang='lat' dir='ltr'>disse</span> <span class='ocrx_word' id='word_1_27' title='bbox 296 709 477 788; x_wconf 88' lang='lat' dir='ltr'>putarunt.</span> 
     </span>
    </p>
   </div>
   <div class='ocr_carea' id='block_1_3' title="bbox 660 872 907 943">
    <p class='ocr_par' dir='ltr' id='par_1_3' title="bbox 660 872 907 943">
     <span class='ocr_line' id='line_1_5' title="bbox 660 872 907 943; baseline 0.004 -5"><span class='ocrx_word' id='word_1_28' title='bbox 660 872 781 940; x_wconf 72' lang='lat' dir='ltr'>Osann</span> <span class='ocrx_word' id='word_1_29' title='bbox 804 873 907 943; x_wconf 83' lang='lat' dir='ltr'>XVI.</span> 
     </span>
    </p>
   </div>
   <div class='ocr_carea' id='block_1_4' title="bbox 185 1044 1405 2572">
    <p class='ocr_par' dir='ltr' id='par_1_4' title="bbox 185 1044 1405 2572">
     <span class='ocr_line' id='line_1_6' title="bbox 271 1044 1405 1128; baseline 0.004 -19"><span class='ocrx_word' id='word_1_30' title='bbox 271 1045 442 1110; x_wconf 78' lang='lat' dir='ltr'>Triduum</span> <span class='ocrx_word' id='word_1_31' title='bbox 458 1044 509 1109; x_wconf 94' lang='lat' dir='ltr'>ibi</span> <span class='ocrx_word' id='word_1_32' title='bbox 525 1045 771 1128; x_wconf 86' lang='lat' dir='ltr'>substiterunt,</span> <span class='ocrx_word' id='word_1_33' title='bbox 789 1046 825 1110; x_wconf 92' lang='lat' dir='ltr'>in</span> <span class='ocrx_word' id='word_1_34' title='bbox 842 1046 975 1111; x_wconf 92' lang='lat' dir='ltr'>honore</span> <span class='ocrx_word' id='word_1_35' title='bbox 992 1045 1104 1112; x_wconf 90' lang='lat' dir='ltr'>habiti</span> <span class='ocrx_word' id='word_1_36' title='bbox 1122 1052 1158 1112; x_wconf 89' lang='lat' dir='ltr'>et</span> <span class='ocrx_word' id='word_1_37' title='bbox 1172 1047 1274 1113; x_wconf 92' lang='lat' dir='ltr'>laute</span> <span class='ocrx_word' id='word_1_38' title='bbox 1284 1049 1405 1114; x_wconf 80' lang='lat' dir='ltr'>viren-</span> 
     </span>
     <span class='ocr_line' id='line_1_7' title="bbox 186 1147 1405 1217; baseline 0.002 -3"><span class='ocrx_word' id='word_1_39' title='bbox 186 1154 250 1214; x_wconf 89' lang='lat' dir='ltr'>tes.</span> <span class='ocrx_word' id='word_1_40' title='bbox 289 1147 431 1216; x_wconf 89' lang='lat' dir='ltr'>Viatico</span> <span class='ocrx_word' id='word_1_41' title='bbox 449 1147 576 1212; x_wconf 91' lang='lat' dir='ltr'>deinde</span> <span class='ocrx_word' id='word_1_42' title='bbox 594 1149 759 1214; x_wconf 77' lang='lat' dir='ltr'>instructi</span> <span class='ocrx_word' id='word_1_43' title='bbox 776 1148 818 1214; x_wconf 91' lang='lat' dir='ltr'>ab</span> <span class='ocrx_word' id='word_1_44' title='bbox 836 1149 909 1214; x_wconf 91' lang='lat' dir='ltr'>illis</span> <span class='ocrx_word' id='word_1_45' title='bbox 926 1149 1168 1214; x_wconf 85' lang='lat' dir='ltr'>discesserunt</span> <span class='ocrx_word' id='word_1_46' title='bbox 1183 1156 1219 1216; x_wconf 91' lang='lat' dir='ltr'>et</span> <span class='ocrx_word' id='word_1_47' title='bbox 1234 1153 1276 1215; x_wconf 93' lang='lat' dir='ltr'>in</span> <span class='ocrx_word' id='word_1_48' title='bbox 1294 1152 1405 1217; x_wconf 90' lang='lat' dir='ltr'>aliam</span> 
     </span>
     <span class='ocr_line' id='line_1_8' title="bbox 186 1251 1403 1336; baseline 0.003 -20"><span class='ocrx_word' id='word_1_49' title='bbox 186 1251 308 1316; x_wconf 90' lang='lat' dir='ltr'>urbem</span> <span class='ocrx_word' id='word_1_50' title='bbox 329 1257 580 1334; x_wconf 83' lang='lat' dir='ltr'>pervenerunt,</span> <span class='ocrx_word' id='word_1_51' title='bbox 607 1251 644 1315; x_wconf 93' lang='lat' dir='ltr'>in</span> <span class='ocrx_word' id='word_1_52' title='bbox 666 1273 750 1334; x_wconf 89' lang='lat' dir='ltr'>qua,</span> <span class='ocrx_word' id='word_1_53' title='bbox 777 1251 871 1335; x_wconf 90' lang='lat' dir='ltr'>quod</span> <span class='ocrx_word' id='word_1_54' title='bbox 895 1251 1097 1317; x_wconf 90' lang='lat' dir='ltr'>hominibus</span> <span class='ocrx_word' id='word_1_55' title='bbox 1118 1252 1293 1336; x_wconf 86' lang='lat' dir='ltr'>frequens</span> <span class='ocrx_word' id='word_1_56' title='bbox 1315 1262 1403 1336; x_wconf 86' lang='lat' dir='ltr'>erat,</span> 
     </span>
     <span class='ocr_line' id='line_1_9' title="bbox 185 1353 1403 1440; baseline 0.004 -22"><span class='ocrx_word' id='word_1_57' title='bbox 185 1358 393 1436; x_wconf 87' lang='lat' dir='ltr'>pernoctare</span> <span class='ocrx_word' id='word_1_58' title='bbox 421 1353 629 1437; x_wconf 88' lang='lat' dir='ltr'>cogitarunt.</span> <span class='ocrx_word' id='word_1_59' title='bbox 665 1353 755 1418; x_wconf 84' lang='lat' dir='ltr'>Erat</span> <span class='ocrx_word' id='word_1_60' title='bbox 777 1374 857 1418; x_wconf 85' lang='lat' dir='ltr'>vero</span> <span class='ocrx_word' id='word_1_61' title='bbox 884 1354 920 1417; x_wconf 94' lang='lat' dir='ltr'>in</span> <span class='ocrx_word' id='word_1_62' title='bbox 947 1374 988 1418; x_wconf 86' lang='lat' dir='ltr'>ea</span> <span class='ocrx_word' id='word_1_63' title='bbox 1012 1354 1099 1419; x_wconf 89' lang='lat' dir='ltr'>urbe</span> <span class='ocrx_word' id='word_1_64' title='bbox 1122 1354 1253 1420; x_wconf 88' lang='lat' dir='ltr'>mulier</span> <span class='ocrx_word' id='word_1_65' title='bbox 1275 1357 1403 1440; x_wconf 88' lang='lat' dir='ltr'>proba,</span> 
     </span>
     <span class='ocr_line' id='line_1_10' title="bbox 186 1454 1403 1540; baseline 0.004 -19"><span class='ocrx_word' id='word_1_66' title='bbox 186 1477 275 1539; x_wconf 90' lang='lat' dir='ltr'>quae</span> <span class='ocrx_word' id='word_1_67' title='bbox 297 1477 375 1521; x_wconf 88' lang='lat' dir='ltr'>oum</span> <span class='ocrx_word' id='word_1_68' title='bbox 397 1454 588 1538; x_wconf 89' lang='lat' dir='ltr'>aliquando</span> <span class='ocrx_word' id='word_1_69' title='bbox 610 1456 762 1521; x_wconf 88' lang='lat' dir='ltr'>lavatum</span> <span class='ocrx_word' id='word_1_70' title='bbox 783 1455 827 1520; x_wconf 91' lang='lat' dir='ltr'>ad</span> <span class='ocrx_word' id='word_1_71' title='bbox 843 1455 972 1521; x_wconf 91' lang='lat' dir='ltr'>flumen</span> <span class='ocrx_word' id='word_1_72' title='bbox 991 1457 1127 1540; x_wconf 85' lang='lat' dir='ltr'>ivisset,</span> <span class='ocrx_word' id='word_1_73' title='bbox 1151 1479 1233 1524; x_wconf 86' lang='lat' dir='ltr'>ecce</span> <span class='ocrx_word' id='word_1_74' title='bbox 1254 1465 1403 1525; x_wconf 86' lang='lat' dir='ltr'>satanas</span> 
     </span>
     <span class='ocr_line' id='line_1_11' title="bbox 185 1556 1403 1642; baseline 0.006 -20"><span class='ocrx_word' id='word_1_75' title='bbox 185 1558 394 1623; x_wconf 89' lang='lat' dir='ltr'>maledictus</span> <span class='ocrx_word' id='word_1_76' title='bbox 416 1558 452 1622; x_wconf 94' lang='lat' dir='ltr'>in</span> <span class='ocrx_word' id='word_1_77' title='bbox 475 1556 588 1623; x_wconf 83' lang='lat' dir='ltr'>forma</span> <span class='ocrx_word' id='word_1_78' title='bbox 609 1560 785 1642; x_wconf 89' lang='lat' dir='ltr'>serpentis</span> <span class='ocrx_word' id='word_1_79' title='bbox 810 1559 997 1624; x_wconf 90' lang='lat' dir='ltr'>insiluerat</span> <span class='ocrx_word' id='word_1_80' title='bbox 1022 1561 1060 1625; x_wconf 92' lang='lat' dir='ltr'>in</span> <span class='ocrx_word' id='word_1_81' title='bbox 1083 1581 1157 1626; x_wconf 91' lang='lat' dir='ltr'>eam</span> <span class='ocrx_word' id='word_1_82' title='bbox 1180 1567 1216 1627; x_wconf 88' lang='lat' dir='ltr'>et</span> <span class='ocrx_word' id='word_1_83' title='bbox 1236 1568 1403 1628; x_wconf 81' lang='lat' dir='ltr'>ventrem</span> 
     </span>
     <span class='ocr_line' id='line_1_12' title="bbox 187 1662 1401 1750; baseline 0.004 -22"><span class='ocrx_word' id='word_1_84' title='bbox 187 1664 263 1728; x_wconf 90' lang='lat' dir='ltr'>eius</span> <span class='ocrx_word' id='word_1_85' title='bbox 274 1662 612 1746; x_wconf 81' lang='lat' dir='ltr'>circumplioaverat3</span> <span class='ocrx_word' id='word_1_86' title='bbox 631 1663 770 1745; x_wconf 89' lang='lat' dir='ltr'>quoties</span> <span class='ocrx_word' id='word_1_87' title='bbox 787 1668 903 1728; x_wconf 89' lang='lat' dir='ltr'>autem</span> <span class='ocrx_word' id='word_1_88' title='bbox 914 1685 983 1729; x_wconf 88' lang='lat' dir='ltr'>nox</span> <span class='ocrx_word' id='word_1_89' title='bbox 992 1665 1191 1748; x_wconf 87' lang='lat' dir='ltr'>ingruebat,</span> <span class='ocrx_word' id='word_1_90' title='bbox 1208 1669 1401 1750; x_wconf 75' lang='lat' dir='ltr'>tyrannice</span> 
     </span>
     <span class='ocr_line' id='line_1_13' title="bbox 186 1765 1403 1849; baseline 0.004 -18"><span class='ocrx_word' id='word_1_91' title='bbox 186 1785 262 1831; x_wconf 92' lang='lat' dir='ltr'>eam</span> <span class='ocrx_word' id='word_1_92' title='bbox 285 1765 440 1831; x_wconf 86' lang='lat' dir='ltr'>vexabat.</span> <span class='ocrx_word' id='word_1_93' title='bbox 483 1765 584 1829; x_wconf 90' lang='lat' dir='ltr'>Haec</span> <span class='ocrx_word' id='word_1_94' title='bbox 604 1765 731 1830; x_wconf 90' lang='lat' dir='ltr'>mulier</span> <span class='ocrx_word' id='word_1_95' title='bbox 752 1767 956 1849; x_wconf 80' lang='lat' dir='ltr'>conspicata</span> <span class='ocrx_word' id='word_1_96' title='bbox 975 1767 1095 1833; x_wconf 91' lang='lat' dir='ltr'>heram</span> <span class='ocrx_word' id='word_1_97' title='bbox 1117 1768 1299 1836; x_wconf 89' lang='lat' dir='ltr'>dominam</span> <span class='ocrx_word' id='word_1_98' title='bbox 1323 1770 1403 1836; x_wconf 85' lang='lat' dir='ltr'>Ma·</span> 
     </span>
     <span class='ocr_line' id='line_1_14' title="bbox 185 1868 1403 1954; baseline 0 -17"><span class='ocrx_word' id='word_1_99' title='bbox 185 1873 273 1937; x_wconf 88' lang='lat' dir='ltr'>riam</span> <span class='ocrx_word' id='word_1_100' title='bbox 290 1878 325 1937; x_wconf 91' lang='lat' dir='ltr'>et</span> <span class='ocrx_word' id='word_1_101' title='bbox 340 1871 519 1936; x_wconf 91' lang='lat' dir='ltr'>dominum</span> <span class='ocrx_word' id='word_1_102' title='bbox 536 1868 715 1936; x_wconf 79' lang='lat' dir='ltr'>Christum</span> <span class='ocrx_word' id='word_1_103' title='bbox 731 1871 903 1937; x_wconf 84' lang='lat' dir='ltr'>infantem</span> <span class='ocrx_word' id='word_1_104' title='bbox 919 1873 956 1936; x_wconf 91' lang='lat' dir='ltr'>in</span> <span class='ocrx_word' id='word_1_105' title='bbox 973 1873 1053 1939; x_wconf 92' lang='lat' dir='ltr'>sinu</span> <span class='ocrx_word' id='word_1_106' title='bbox 1070 1874 1157 1954; x_wconf 86' lang='lat' dir='ltr'>eius,</span> <span class='ocrx_word' id='word_1_107' title='bbox 1179 1871 1289 1938; x_wconf 90' lang='lat' dir='ltr'>huius</span> <span class='ocrx_word' id='word_1_108' title='bbox 1305 1873 1403 1939; x_wconf 79' lang='lat' dir='ltr'>desi·</span> 
     </span>
     <span class='ocr_line' id='line_1_15' title="bbox 186 1973 1399 2055; baseline 0.001 -14"><span class='ocrx_word' id='word_1_109' title='bbox 186 1976 285 2041; x_wconf 90' lang='lat' dir='ltr'>derio</span> <span class='ocrx_word' id='word_1_110' title='bbox 307 1974 433 2040; x_wconf 87' lang='lat' dir='ltr'>affecta</span> <span class='ocrx_word' id='word_1_111' title='bbox 452 1975 557 2039; x_wconf 87' lang='lat' dir='ltr'>herae</span> <span class='ocrx_word' id='word_1_112' title='bbox 582 1973 743 2038; x_wconf 90' lang='lat' dir='ltr'>dominae</span> <span class='ocrx_word' id='word_1_113' title='bbox 765 1973 901 2040; x_wconf 89' lang='lat' dir='ltr'>Mariae</span> <span class='ocrx_word' id='word_1_114' title='bbox 924 1974 1026 2040; x_wconf 86' lang='lat' dir='ltr'>dixit:</span> <span class='ocrx_word' id='word_1_115' title='bbox 1064 1973 1094 2040; x_wconf 94' lang='grc' dir='ltr'>Ο</span> <span class='ocrx_word' id='word_1_116' title='bbox 1116 1975 1215 2055; x_wconf 88' lang='lat' dir='ltr'>hera,</span> <span class='ocrx_word' id='word_1_117' title='bbox 1239 1975 1289 2040; x_wconf 90' lang='lat' dir='ltr'>da</span> <span class='ocrx_word' id='word_1_118' title='bbox 1309 1975 1399 2042; x_wconf 91' lang='lat' dir='ltr'>mihi</span> 
     </span>
     <span class='ocr_line' id='line_1_16' title="bbox 185 2077 1399 2160; baseline 0.002 -18"><span class='ocrx_word' id='word_1_119' title='bbox 185 2079 279 2144; x_wconf 88' lang='lat' dir='ltr'>huno</span> <span class='ocrx_word' id='word_1_120' title='bbox 295 2077 466 2143; x_wconf 84' lang='lat' dir='ltr'>infantem</span> <span class='ocrx_word' id='word_1_121' title='bbox 482 2083 522 2142; x_wconf 90' lang='lat' dir='ltr'>ut</span> <span class='ocrx_word' id='word_1_122' title='bbox 538 2098 617 2143; x_wconf 91' lang='lat' dir='ltr'>eum</span> <span class='ocrx_word' id='word_1_123' title='bbox 633 2083 767 2160; x_wconf 86' lang='lat' dir='ltr'>gestem</span> <span class='ocrx_word' id='word_1_124' title='bbox 784 2083 820 2142; x_wconf 92' lang='lat' dir='ltr'>et</span> <span class='ocrx_word' id='word_1_125' title='bbox 836 2077 1030 2143; x_wconf 85' lang='lat' dir='ltr'>deosculer.</span> <span class='ocrx_word' id='word_1_126' title='bbox 1060 2077 1172 2143; x_wconf 89' lang='lat' dir='ltr'>Dedit</span> <span class='ocrx_word' id='word_1_127' title='bbox 1187 2078 1301 2160; x_wconf 87' lang='lat' dir='ltr'>igitur</span> <span class='ocrx_word' id='word_1_128' title='bbox 1316 2100 1399 2145; x_wconf 89' lang='lat' dir='ltr'>enm</span> 
     </span>
     <span class='ocr_line' id='line_1_17' title="bbox 186 2179 1397 2263; baseline 0.001 -15"><span class='ocrx_word' id='word_1_129' title='bbox 186 2182 339 2248; x_wconf 89' lang='lat' dir='ltr'>mulieri:</span> <span class='ocrx_word' id='word_1_130' title='bbox 360 2180 518 2263; x_wconf 87' lang='lat' dir='ltr'>adquam</span> <span class='ocrx_word' id='word_1_131' title='bbox 534 2201 612 2245; x_wconf 92' lang='lat' dir='ltr'>cum</span> <span class='ocrx_word' id='word_1_132' title='bbox 627 2179 790 2245; x_wconf 87' lang='lat' dir='ltr'>admotus</span> <span class='ocrx_word' id='word_1_133' title='bbox 807 2187 911 2261; x_wconf 86' lang='lat' dir='ltr'>esset,</span> <span class='ocrx_word' id='word_1_134' title='bbox 929 2180 1063 2246; x_wconf 81' lang='lat' dir='ltr'>dimisit</span> <span class='ocrx_word' id='word_1_135' title='bbox 1079 2202 1154 2246; x_wconf 87' lang='lat' dir='ltr'>eam</span> <span class='ocrx_word' id='word_1_136' title='bbox 1169 2180 1232 2246; x_wconf 86' lang='lat' dir='ltr'>ille</span> <span class='ocrx_word' id='word_1_137' title='bbox 1251 2187 1397 2249; x_wconf 85' lang='lat' dir='ltr'>satanas</span> 
     </span>
     <span class='ocr_line' id='line_1_18' title="bbox 188 2283 1397 2367; baseline 0.001 -17"><span class='ocrx_word' id='word_1_138' title='bbox 188 2291 224 2350; x_wconf 88' lang='lat' dir='ltr'>et</span> <span class='ocrx_word' id='word_1_139' title='bbox 238 2284 379 2367; x_wconf 85' lang='lat' dir='ltr'>fugiens</span> <span class='ocrx_word' id='word_1_140' title='bbox 396 2304 472 2349; x_wconf 89' lang='lat' dir='ltr'>eam</span> <span class='ocrx_word' id='word_1_141' title='bbox 488 2284 644 2367; x_wconf 87' lang='lat' dir='ltr'>reliquit,</span> <span class='ocrx_word' id='word_1_142' title='bbox 661 2304 775 2367; x_wconf 88' lang='lat' dir='ltr'>neque</span> <span class='ocrx_word' id='word_1_143' title='bbox 792 2304 947 2366; x_wconf 90' lang='lat' dir='ltr'>unquam</span> <span class='ocrx_word' id='word_1_144' title='bbox 962 2292 1044 2367; x_wconf 89' lang='lat' dir='ltr'>post</span> <span class='ocrx_word' id='word_1_145' title='bbox 1058 2285 1152 2349; x_wconf 89' lang='lat' dir='ltr'>hunc</span> <span class='ocrx_word' id='word_1_146' title='bbox 1163 2283 1257 2350; x_wconf 88' lang='lat' dir='ltr'>diem</span> <span class='ocrx_word' id='word_1_147' title='bbox 1267 2286 1397 2351; x_wconf 91' lang='lat' dir='ltr'>mulier</span> 
     </span>
     <span class='ocr_line' id='line_1_19' title="bbox 187 2386 1394 2470; baseline 0.002 -18"><span class='ocrx_word' id='word_1_148' title='bbox 187 2388 288 2452; x_wconf 94' lang='lat' dir='ltr'>illum</span> <span class='ocrx_word' id='word_1_149' title='bbox 302 2386 401 2452; x_wconf 83' lang='lat' dir='ltr'>vidit.</span> <span class='ocrx_word' id='word_1_150' title='bbox 434 2386 549 2470; x_wconf 81' lang='lat' dir='ltr'>Quare</span> <span class='ocrx_word' id='word_1_151' title='bbox 573 2388 772 2470; x_wconf 91' lang='lat' dir='ltr'>omnesqui</span> <span class='ocrx_word' id='word_1_152' title='bbox 793 2386 941 2452; x_wconf 87' lang='lat' dir='ltr'>aderant</span> <span class='ocrx_word' id='word_1_153' title='bbox 961 2409 1132 2453; x_wconf 89' lang='lat' dir='ltr'>summum</span> <span class='ocrx_word' id='word_1_154' title='bbox 1149 2387 1254 2454; x_wconf 92' lang='lat' dir='ltr'>deum</span> <span class='ocrx_word' id='word_1_155' title='bbox 1275 2388 1394 2455; x_wconf 90' lang='lat' dir='ltr'>lauda·</span> 
     </span>
     <span class='ocr_line' id='line_1_20' title="bbox 187 2488 1035 2572; baseline 0 -18"><span class='ocrx_word' id='word_1_156' title='bbox 187 2495 280 2572; x_wconf 90' lang='lat' dir='ltr'>runt,</span> <span class='ocrx_word' id='word_1_157' title='bbox 299 2496 334 2554; x_wconf 92' lang='lat' dir='ltr'>et</span> <span class='ocrx_word' id='word_1_158' title='bbox 348 2488 475 2553; x_wconf 92' lang='lat' dir='ltr'>mulier</span> <span class='ocrx_word' id='word_1_159' title='bbox 490 2490 560 2554; x_wconf 87' lang='lat' dir='ltr'>ista</span> <span class='ocrx_word' id='word_1_160' title='bbox 574 2489 771 2555; x_wconf 88' lang='lat' dir='ltr'>liberaliter</span> <span class='ocrx_word' id='word_1_161' title='bbox 786 2490 830 2554; x_wconf 89' lang='lat' dir='ltr'>iis</span> <span class='ocrx_word' id='word_1_162' title='bbox 847 2489 1035 2555; x_wconf 84' lang='lat' dir='ltr'>benefecit.</span> 
     </span>
    </p>
   </div>
   <div class='ocr_carea' id='block_1_5' title="bbox 655 2709 921 2778">
    <p class='ocr_par' dir='ltr' id='par_1_5' title="bbox 655 2709 921 2778">
     <span class='ocr_line' id='line_1_21' title="bbox 655 2709 921 2778; baseline -0.004 -1"><span class='ocrx_word' id='word_1_163' title='bbox 655 2709 777 2777; x_wconf 76' lang='lat' dir='ltr'>Garun</span> <span class='ocrx_word' id='word_1_164' title='bbox 799 2709 921 2778; x_wconf 89' lang='lat' dir='ltr'>XVII.</span> 
     </span>
    </p>
   </div>
   <div class='ocr_carea' id='block_1_6' title="bbox 184 2881 1444 3378">
    <p class='ocr_par' dir='ltr' id='par_1_6' title="bbox 184 2881 1444 3378">
     <span class='ocr_line' id='line_1_22' title="bbox 271 2881 1391 2965; baseline 0.002 -17"><span class='ocrx_word' id='word_1_165' title='bbox 271 2882 420 2948; x_wconf 91' lang='lat' dir='ltr'>Postero</span> <span class='ocrx_word' id='word_1_166' title='bbox 446 2881 504 2947; x_wconf 90' lang='lat' dir='ltr'>die</span> <span class='ocrx_word' id='word_1_167' title='bbox 533 2881 654 2947; x_wconf 89' lang='lat' dir='ltr'>eadem</span> <span class='ocrx_word' id='word_1_168' title='bbox 680 2883 807 2948; x_wconf 90' lang='lat' dir='ltr'>mulier</span> <span class='ocrx_word' id='word_1_169' title='bbox 836 2903 962 2965; x_wconf 89' lang='lat' dir='ltr'>aquam</span> <span class='ocrx_word' id='word_1_170' title='bbox 992 2883 1171 2949; x_wconf 86' lang='lat' dir='ltr'>odoratam</span> <span class='ocrx_word' id='word_1_171' title='bbox 1198 2886 1327 2950; x_wconf 90' lang='lat' dir='ltr'>sumsit</span> <span class='ocrx_word' id='word_1_172' title='bbox 1353 2892 1391 2950; x_wconf 93' lang='lat' dir='ltr'>ut</span> 
     </span>
     <span class='ocr_line' id='line_1_23' title="bbox 188 2983 1444 3070; baseline -0.001 -20"><span class='ocrx_word' id='word_1_173' title='bbox 188 2986 367 3053; x_wconf 91' lang='lat' dir='ltr'>dominum</span> <span class='ocrx_word' id='word_1_174' title='bbox 383 2984 502 3050; x_wconf 91' lang='lat' dir='ltr'>Iesum</span> <span class='ocrx_word' id='word_1_175' title='bbox 519 2983 665 3065; x_wconf 83' lang='lat' dir='ltr'>lavaret3</span> <span class='ocrx_word' id='word_1_176' title='bbox 689 3006 757 3069; x_wconf 92' lang='lat' dir='ltr'>quo</span> <span class='ocrx_word' id='word_1_177' title='bbox 774 2986 846 3050; x_wconf 92' lang='lat' dir='ltr'>loto</span> <span class='ocrx_word' id='word_1_178' title='bbox 864 3006 989 3068; x_wconf 88' lang='lat' dir='ltr'>aquam</span> <span class='ocrx_word' id='word_1_179' title='bbox 1005 2985 1102 3052; x_wconf 90' lang='lat' dir='ltr'>illam</span> <span class='ocrx_word' id='word_1_180' title='bbox 1119 2986 1241 3070; x_wconf 88' lang='lat' dir='ltr'>quaid</span> <span class='ocrx_word' id='word_1_181' title='bbox 1258 2988 1391 3054; x_wconf 85' lang='lat' dir='ltr'>fecerat</span> <span class='ocrx_word' id='word_1_182' title='bbox 1420 3036 1444 3049; x_wconf 81' lang='grc'>-</span> 
     </span>
     <span class='ocr_line' id='line_1_24' title="bbox 185 3088 1444 3173; baseline 0.002 -20"><span class='ocrx_word' id='word_1_183' title='bbox 185 3091 321 3173; x_wconf 89' lang='lat' dir='ltr'>recepit</span> <span class='ocrx_word' id='word_1_184' title='bbox 338 3089 484 3171; x_wconf 89' lang='lat' dir='ltr'>eiusque</span> <span class='ocrx_word' id='word_1_185' title='bbox 501 3093 635 3171; x_wconf 86' lang='lat' dir='ltr'>partem</span> <span class='ocrx_word' id='word_1_186' title='bbox 654 3089 690 3151; x_wconf 94' lang='lat' dir='ltr'>in</span> <span class='ocrx_word' id='word_1_187' title='bbox 706 3089 860 3171; x_wconf 86' lang='lat' dir='ltr'>puellam</span> <span class='ocrx_word' id='word_1_188' title='bbox 877 3088 926 3153; x_wconf 92' lang='lat' dir='ltr'>ibi</span> <span class='ocrx_word' id='word_1_189' title='bbox 943 3088 1175 3171; x_wconf 88' lang='lat' dir='ltr'>habitantem,</span> <span class='ocrx_word' id='word_1_190' title='bbox 1199 3091 1302 3156; x_wconf 87' lang='lat' dir='ltr'>cuius</span> <span class='ocrx_word' id='word_1_191' title='bbox 1319 3111 1389 3156; x_wconf 91' lang='lat' dir='ltr'>oor-</span> <span class='ocrx_word' id='word_1_192' title='bbox 1411 3132 1444 3143; x_wconf 90' lang='lat'>-</span> 
     </span>
     <span class='ocr_line' id='line_1_25' title="bbox 185 3189 1444 3275; baseline 0.004 -20"><span class='ocrx_word' id='word_1_193' title='bbox 185 3213 251 3275; x_wconf 89' lang='lat' dir='ltr'>pus</span> <span class='ocrx_word' id='word_1_194' title='bbox 276 3191 375 3275; x_wconf 86' lang='lat' dir='ltr'>lepra</span> <span class='ocrx_word' id='word_1_195' title='bbox 399 3191 517 3256; x_wconf 88' lang='lat' dir='ltr'>album</span> <span class='ocrx_word' id='word_1_196' title='bbox 543 3196 633 3270; x_wconf 87' lang='lat' dir='ltr'>erat,</span> <span class='ocrx_word' id='word_1_197' title='bbox 662 3189 786 3255; x_wconf 88' lang='lat' dir='ltr'>effudit</span> <span class='ocrx_word' id='word_1_198' title='bbox 810 3190 976 3273; x_wconf 89' lang='lat' dir='ltr'>illamque</span> <span class='ocrx_word' id='word_1_199' title='bbox 1004 3211 1045 3256; x_wconf 88' lang='lat' dir='ltr'>ea</span> <span class='ocrx_word' id='word_1_200' title='bbox 1069 3190 1167 3256; x_wconf 80' lang='lat' dir='ltr'>lavit:</span> <span class='ocrx_word' id='word_1_201' title='bbox 1200 3213 1271 3275; x_wconf 93' lang='lat' dir='ltr'>quo</span> <span class='ocrx_word' id='word_1_202' title='bbox 1296 3191 1444 3260; x_wconf 78' lang='lat' dir='ltr'>facto&lt;</span> 
     </span>
     <span class='ocr_line' id='line_1_26' title="bbox 184 3289 1444 3378; baseline 0.002 -20"><span class='ocrx_word' id='word_1_203' title='bbox 184 3293 305 3378; x_wconf 88' lang='lat' dir='ltr'>puella</span> <span class='ocrx_word' id='word_1_204' title='bbox 321 3294 439 3358; x_wconf 90' lang='lat' dir='ltr'>statim</span> <span class='ocrx_word' id='word_1_205' title='bbox 460 3292 595 3375; x_wconf 86' lang='lat' dir='ltr'>alepra</span> <span class='ocrx_word' id='word_1_206' title='bbox 610 3298 759 3376; x_wconf 91' lang='lat' dir='ltr'>purgata</span> <span class='ocrx_word' id='word_1_207' title='bbox 779 3298 842 3358; x_wconf 92' lang='lat' dir='ltr'>est.</span> <span class='ocrx_word' id='word_1_208' title='bbox 879 3289 1059 3377; x_wconf 89' lang='lat' dir='ltr'>Oppidani</span> <span class='ocrx_word' id='word_1_209' title='bbox 1081 3302 1197 3360; x_wconf 88' lang='lat' dir='ltr'>autem</span> <span class='ocrx_word' id='word_1_210' title='bbox 1218 3296 1281 3361; x_wconf 87' lang='lat' dir='ltr'>isti</span> <span class='ocrx_word' id='word_1_211' title='bbox 1297 3296 1444 3361; x_wconf 83' lang='lat' dir='ltr'>dixe-</span> 
     </span>
    </p>
   </div>
   <div class='ocr_carea' id='block_1_7' title="bbox 184 3468 1444 4476">
    <p class='ocr_par' dir='ltr' id='par_1_7' title="bbox 184 3468 1444 3691">
     <span class='ocr_line' id='line_1_27' title="bbox 253 3468 1444 3536; baseline 0 -17"><span class='ocrx_word' id='word_1_212' title='bbox 253 3469 311 3519; x_wconf 84' lang='lat' dir='ltr'>XV.</span> <span class='ocrx_word' id='word_1_213' title='bbox 331 3469 437 3518; x_wconf 74' lang='lat' dir='ltr'>Incolae</span> <span class='ocrx_word' id='word_1_214' title='bbox 449 3474 533 3519; x_wconf 78' lang='lat' dir='ltr'>aorem</span> <span class='ocrx_word' id='word_1_215' title='bbox 545 3493 554 3504; x_wconf 95' lang='lat'>·</span> <span class='ocrx_word' id='word_1_216' title='bbox 565 3473 725 3531; x_wconf 77' lang='lat' dir='ltr'>·psetoront:</span> <span class='ocrx_word' id='word_1_217' title='bbox 737 3469 776 3518; x_wconf 80' lang='lat' dir='ltr'>ita</span> <span class='ocrx_word' id='word_1_218' title='bbox 789 3468 829 3516; x_wconf 83' lang='lat' dir='ltr'>Fl.</span> <span class='ocrx_word' id='word_1_219' title='bbox 853 3469 931 3533; x_wconf 79' lang='lat' dir='ltr'>Apud</span> <span class='ocrx_word' id='word_1_220' title='bbox 945 3468 1001 3518; x_wconf 82' lang='lat' dir='ltr'>sik.</span> <span class='ocrx_word' id='word_1_221' title='bbox 1015 3473 1043 3519; x_wconf 89' lang='lat' dir='ltr'>et</span> <span class='ocrx_word' id='word_1_222' title='bbox 1055 3469 1125 3519; x_wconf 77' lang='lat' dir='ltr'>Thil.</span> <span class='ocrx_word' id='word_1_223' title='bbox 1139 3475 1182 3521; x_wconf 85' lang='lat' dir='ltr'>est</span> <span class='ocrx_word' id='word_1_224' title='bbox 1193 3470 1296 3535; x_wconf 68' lang='lat' dir='ltr'>Mopse</span> <span class='ocrx_word' id='word_1_225' title='bbox 1307 3472 1444 3536; x_wconf 68' lang='lat' dir='ltr'>itaqu.</span> 
     </span>
     <span class='ocr_line' id='line_1_28' title="bbox 184 3553 1444 3622; baseline 0.001 -16"><span class='ocrx_word' id='word_1_226' title='bbox 184 3558 232 3606; x_wconf 79' lang='lat' dir='ltr'>hoc</span> <span class='ocrx_word' id='word_1_227' title='bbox 244 3561 317 3606; x_wconf 80' lang='lat' dir='ltr'>sorte</span> <span class='ocrx_word' id='word_1_228' title='bbox 329 3554 432 3605; x_wconf 76' lang='lat' dir='ltr'>laetitio</span> <span class='ocrx_word' id='word_1_229' title='bbox 443 3555 512 3603; x_wconf 79' lang='lat' dir='ltr'>ister</span> <span class='ocrx_word' id='word_1_230' title='bbox 520 3554 587 3602; x_wconf 79' lang='lat' dir='ltr'>eires</span> <span class='ocrx_word' id='word_1_231' title='bbox 598 3555 653 3602; x_wconf 77' lang='lat' dir='ltr'>eius</span> <span class='ocrx_word' id='word_1_232' title='bbox 664 3554 753 3615; x_wconf 79' lang='lat' dir='ltr'>oppidi</span> <span class='ocrx_word' id='word_1_233' title='bbox 764 3553 904 3612; x_wconf 66' lang='lat' dir='ltr'>oriedanr,</span> <span class='ocrx_word' id='word_1_234' title='bbox 917 3555 981 3604; x_wconf 84' lang='lat' dir='ltr'>adeo</span> <span class='ocrx_word' id='word_1_235' title='bbox 993 3558 1022 3603; x_wconf 78' lang='lat' dir='ltr'>st</span> <span class='ocrx_word' id='word_1_236' title='bbox 1032 3559 1156 3618; x_wconf 75' lang='lat' dir='ltr'>putarent</span> <span class='ocrx_word' id='word_1_237' title='bbox 1163 3555 1237 3605; x_wconf 65' lang='lat' dir='ltr'>&amp;aas</span> <span class='ocrx_word' id='word_1_238' title='bbox 1249 3560 1276 3606; x_wconf 81' lang='lat' dir='ltr'>et</span> <span class='ocrx_word' id='word_1_239' title='bbox 1288 3557 1444 3622; x_wconf 67' lang='lat' dir='ltr'>angelo-</span> 
     </span>
     <span class='ocr_line' id='line_1_29' title="bbox 185 3640 530 3691; baseline -0.009 0"><span class='ocrx_word' id='word_1_240' title='bbox 185 3644 239 3691; x_wconf 79' lang='lat' dir='ltr'>eius</span> <span class='ocrx_word' id='word_1_241' title='bbox 254 3642 289 3691; x_wconf 80' lang='lat' dir='ltr'>ad</span> <span class='ocrx_word' id='word_1_242' title='bbox 300 3656 353 3690; x_wconf 86' lang='lat' dir='ltr'>sese</span> <span class='ocrx_word' id='word_1_243' title='bbox 364 3640 530 3690; x_wconf 72' lang='lat' dir='ltr'>descendisse.</span> 
     </span>
    </p>

    <p class='ocr_par' dir='ltr' id='par_1_8' title="bbox 255 3721 1067 3787">
     <span class='ocr_line' id='line_1_30' title="bbox 255 3721 1067 3787; baseline 0 -13"><span class='ocrx_word' id='word_1_244' title='bbox 255 3726 325 3774; x_wconf 82' lang='lat' dir='ltr'>XVI.</span> <span class='ocrx_word' id='word_1_245' title='bbox 343 3724 436 3774; x_wconf 63' lang='lat' dir='ltr'>malim</span> <span class='ocrx_word' id='word_1_246' title='bbox 443 3724 542 3787; x_wconf 80' lang='lat' dir='ltr'>prode.-</span> <span class='ocrx_word' id='word_1_247' title='bbox 554 3724 593 3774; x_wconf 88' lang='lat' dir='ltr'>its</span> <span class='ocrx_word' id='word_1_248' title='bbox 605 3723 661 3783; x_wconf 74' lang='lat' dir='ltr'>r1.;</span> <span class='ocrx_word' id='word_1_249' title='bbox 676 3721 732 3773; x_wconf 81' lang='lat' dir='ltr'>sik.</span> <span class='ocrx_word' id='word_1_250' title='bbox 746 3727 775 3773; x_wconf 88' lang='lat' dir='ltr'>et</span> <span class='ocrx_word' id='word_1_251' title='bbox 787 3724 857 3773; x_wconf 77' lang='lat' dir='ltr'>Thil.</span> <span class='ocrx_word' id='word_1_252' title='bbox 869 3724 962 3773; x_wconf 82' lang='lat' dir='ltr'>mulier</span> <span class='ocrx_word' id='word_1_253' title='bbox 973 3725 1067 3774; x_wconf 70' lang='lat' dir='ltr'>nobilis</span> 
     </span>
    </p>

    <p class='ocr_par' dir='ltr' id='par_1_9' title="bbox 185 3807 1444 3946">
     <span class='ocr_line' id='line_1_31' title="bbox 254 3807 1444 3876; baseline 0 -15"><span class='ocrx_word' id='word_1_254' title='bbox 254 3812 351 3876; x_wconf 79' lang='lat' dir='ltr'>quoties</span> <span class='ocrx_word' id='word_1_255' title='bbox 363 3813 446 3859; x_wconf 79' lang='lat' dir='ltr'>eutem</span> <span class='ocrx_word' id='word_1_256' title='bbox 459 3835 467 3846; x_wconf 93' lang='lat'><em>·</em></span> <span class='ocrx_word' id='word_1_257' title='bbox 481 3835 490 3845; x_wconf 92' lang='lat'><strong>·</strong></span> <span class='ocrx_word' id='word_1_258' title='bbox 502 3808 624 3859; x_wconf 75' lang='lat' dir='ltr'>vexabat.-</span> <span class='ocrx_word' id='word_1_259' title='bbox 637 3809 676 3859; x_wconf 85' lang='lat' dir='ltr'>ita</span> <span class='ocrx_word' id='word_1_260' title='bbox 689 3808 743 3868; x_wconf 74' lang='lat' dir='ltr'>Fl.;</span> <span class='ocrx_word' id='word_1_261' title='bbox 760 3807 816 3859; x_wconf 81' lang='lat' dir='ltr'>sik.</span> <span class='ocrx_word' id='word_1_262' title='bbox 830 3813 859 3859; x_wconf 86' lang='lat' dir='ltr'>et</span> <span class='ocrx_word' id='word_1_263' title='bbox 871 3808 942 3858; x_wconf 66' lang='lat' dir='ltr'>nhil.</span> <span class='ocrx_word' id='word_1_264' title='bbox 954 3810 1110 3874; x_wconf 73' lang='lat' dir='ltr'>singulisque</span> <span class='ocrx_word' id='word_1_265' title='bbox 1122 3810 1239 3860; x_wconf 74' lang='lat' dir='ltr'>nos-tides</span> <span class='ocrx_word' id='word_1_266' title='bbox 1250 3827 1331 3876; x_wconf 74' lang='lat' dir='ltr'>super</span> <span class='ocrx_word' id='word_1_267' title='bbox 1343 3812 1444 3861; x_wconf 58' lang='lat' dir='ltr'>iiten</span> 
     </span>
     <span class='ocr_line' id='line_1_32' title="bbox 185 3896 374 3946; baseline -0.011 0"><span class='ocrx_word' id='word_1_268' title='bbox 185 3913 212 3946; x_wconf 91' lang='lat' dir='ltr'>se</span> <span class='ocrx_word' id='word_1_269' title='bbox 224 3896 374 3946; x_wconf 75' lang='lat' dir='ltr'>extendebat</span> 
     </span>
    </p>

    <p class='ocr_par' dir='ltr' id='par_1_10' title="bbox 185 3980 1444 4203">
     <span class='ocr_line' id='line_1_33' title="bbox 253 3980 1444 4047; baseline 0.003 -17"><span class='ocrx_word' id='word_1_270' title='bbox 253 3982 327 4031; x_wconf 75' lang='lat' dir='ltr'>tuisse</span> <span class='ocrx_word' id='word_1_271' title='bbox 338 3980 465 4029; x_wconf 80' lang='lat' dir='ltr'>desiderio</span> <span class='ocrx_word' id='word_1_272' title='bbox 477 3981 571 4047; x_wconf 74' lang='lat' dir='ltr'>affecta</span> <span class='ocrx_word' id='word_1_273' title='bbox 582 3981 659 4029; x_wconf 73' lang='lat' dir='ltr'>aerae</span> <span class='ocrx_word' id='word_1_274' title='bbox 671 3980 788 4028; x_wconf 74' lang='lat' dir='ltr'>dominae</span> <span class='ocrx_word' id='word_1_275' title='bbox 800 4005 809 4015; x_wconf 93' lang='lat'><strong>·</strong></span> <span class='ocrx_word' id='word_1_276' title='bbox 820 4005 829 4016; x_wconf 95' lang='lat'>·</span> <span class='ocrx_word' id='word_1_277' title='bbox 842 3981 988 4030; x_wconf 76' lang='lat' dir='ltr'>deosculer:</span> <span class='ocrx_word' id='word_1_278' title='bbox 1001 3981 1041 4030; x_wconf 83' lang='lat' dir='ltr'>ita</span> <span class='ocrx_word' id='word_1_279' title='bbox 1053 3981 1093 4030; x_wconf 67' lang='lat'>10⁸1.</span> <span class='ocrx_word' id='word_1_280' title='bbox 1115 3981 1192 4045; x_wconf 77' lang='lat' dir='ltr'>Apud</span> <span class='ocrx_word' id='word_1_281' title='bbox 1206 3981 1264 4031; x_wconf 77' lang='lat' dir='ltr'>Sik-</span> <span class='ocrx_word' id='word_1_282' title='bbox 1279 3987 1309 4034; x_wconf 83' lang='lat' dir='ltr'>et</span> <span class='ocrx_word' id='word_1_283' title='bbox 1322 3983 1444 4035; x_wconf 61' lang='lat' dir='ltr'>&#39;Phil-a</span> 
     </span>
     <span class='ocr_line' id='line_1_34' title="bbox 185 4065 1444 4131; baseline 0 -12"><span class='ocrx_word' id='word_1_284' title='bbox 185 4074 227 4119; x_wconf 85' lang='lat' dir='ltr'>est</span> <span class='ocrx_word' id='word_1_285' title='bbox 239 4067 446 4131; x_wconf 59' lang='lat' dir='ltr'>rogatariorum</span> <span class='ocrx_word' id='word_1_286' title='bbox 458 4065 583 4115; x_wconf 74' lang='lat' dir='ltr'>domim</span> <span class='ocrx_word' id='word_1_287' title='bbox 596 4065 712 4114; x_wconf 78' lang='lat' dir='ltr'>Mariam</span> <span class='ocrx_word' id='word_1_288' title='bbox 724 4069 753 4114; x_wconf 82' lang='lat' dir='ltr'>st</span> <span class='ocrx_word' id='word_1_289' title='bbox 764 4065 813 4114; x_wconf 83' lang='lat' dir='ltr'>sibi</span> <span class='ocrx_word' id='word_1_290' title='bbox 825 4066 949 4130; x_wconf 80' lang='lat' dir='ltr'>irssorstem</span> <span class='ocrx_word' id='word_1_291' title='bbox 960 4067 1026 4117; x_wconf 73' lang='lat' dir='ltr'>isne</span> <span class='ocrx_word' id='word_1_292' title='bbox 1036 4066 1187 4131; x_wconf 71' lang='lat' dir='ltr'>gestandum</span> <span class='ocrx_word' id='word_1_293' title='bbox 1202 4071 1228 4117; x_wconf 79' lang='lat' dir='ltr'>et</span> <span class='ocrx_word' id='word_1_294' title='bbox 1240 4068 1444 4119; x_wconf 53' lang='lat' dir='ltr'>massar</span> 
     </span>
     <span class='ocr_line' id='line_1_35' title="bbox 185 4153 374 4203; baseline -0.016 0"><span class='ocrx_word' id='word_1_295' title='bbox 185 4155 244 4203; x_wconf 80' lang='lat' dir='ltr'>dum</span> <span class='ocrx_word' id='word_1_296' title='bbox 257 4153 374 4202; x_wconf 70' lang='lat' dir='ltr'>traderet</span> 
     </span>
    </p>

    <p class='ocr_par' dir='ltr' id='par_1_11' title="bbox 184 4237 1434 4476">
     <span class='ocr_line' id='line_1_36' title="bbox 253 4237 1420 4304; baseline 0 -16"><span class='ocrx_word' id='word_1_297' title='bbox 253 4238 337 4288; x_wconf 85' lang='lat' dir='ltr'>XVII.</span> <span class='ocrx_word' id='word_1_298' title='bbox 357 4253 405 4302; x_wconf 81' lang='lat' dir='ltr'>quo</span> <span class='ocrx_word' id='word_1_299' title='bbox 418 4237 471 4287; x_wconf 79' lang='lat' dir='ltr'>loto</span> <span class='ocrx_word' id='word_1_300' title='bbox 483 4262 492 4274; x_wconf 95' lang='lat'><strong>·</strong></span> <span class='ocrx_word' id='word_1_301' title='bbox 506 4263 515 4274; x_wconf 96' lang='lat'><em>·</em></span> <span class='ocrx_word' id='word_1_302' title='bbox 524 4244 642 4304; x_wconf 70' lang='lat' dir='ltr'>purgato</span> <span class='ocrx_word' id='word_1_303' title='bbox 653 4243 705 4295; x_wconf 65' lang='lat' dir='ltr'>ests</span> <span class='ocrx_word' id='word_1_304' title='bbox 723 4239 763 4288; x_wconf 82' lang='lat' dir='ltr'>ita</span> <span class='ocrx_word' id='word_1_305' title='bbox 775 4238 815 4287; x_wconf 72' lang='grc' dir='ltr'>ΡΙ.</span> <span class='ocrx_word' id='word_1_306' title='bbox 840 4239 913 4288; x_wconf 85' lang='lat' dir='ltr'>Haec</span> <span class='ocrx_word' id='word_1_307' title='bbox 931 4239 1003 4303; x_wconf 83' lang='lat' dir='ltr'>apud</span> <span class='ocrx_word' id='word_1_308' title='bbox 1016 4239 1069 4288; x_wconf 88' lang='lat' dir='ltr'>Sic.</span> <span class='ocrx_word' id='word_1_309' title='bbox 1088 4247 1116 4288; x_wconf 87' lang='lat' dir='ltr'>et</span> <span class='ocrx_word' id='word_1_310' title='bbox 1129 4238 1200 4287; x_wconf 84' lang='lat' dir='ltr'>Thil.</span> <span class='ocrx_word' id='word_1_311' title='bbox 1219 4239 1260 4288; x_wconf 91' lang='lat' dir='ltr'>sic</span> <span class='ocrx_word' id='word_1_312' title='bbox 1273 4240 1420 4292; x_wconf 68' lang='lat' dir='ltr'>hebent-5</span> 
     </span>
     <span class='ocr_line' id='line_1_37' title="bbox 184 4323 1434 4392; baseline 0.002 -18"><span class='ocrx_word' id='word_1_313' title='bbox 184 4341 261 4390; x_wconf 78' lang='lat' dir='ltr'>eopse</span> <span class='ocrx_word' id='word_1_314' title='bbox 274 4324 327 4374; x_wconf 75' lang='lat' dir='ltr'>loto</span> <span class='ocrx_word' id='word_1_315' title='bbox 340 4339 432 4387; x_wconf 64' lang='lat' dir='ltr'>worm</span> <span class='ocrx_word' id='word_1_316' title='bbox 444 4323 517 4372; x_wconf 65' lang='lat' dir='ltr'>illoesa</span> <span class='ocrx_word' id='word_1_317' title='bbox 525 4340 605 4388; x_wconf 77' lang='lat' dir='ltr'>penes</span> <span class='ocrx_word' id='word_1_318' title='bbox 616 4341 643 4374; x_wconf 87' lang='lat' dir='ltr'>se</span> <span class='ocrx_word' id='word_1_319' title='bbox 655 4324 804 4373; x_wconf 77' lang='lat' dir='ltr'>reservavit.</span> <span class='ocrx_word' id='word_1_320' title='bbox 829 4323 948 4388; x_wconf 78' lang='lat' dir='ltr'>Eratque</span> <span class='ocrx_word' id='word_1_321' title='bbox 960 4324 995 4372; x_wconf 83' lang='lat' dir='ltr'>idi</span> <span class='ocrx_word' id='word_1_322' title='bbox 1005 4324 1107 4386; x_wconf 74' lang='lat' dir='ltr'>psello,</span> <span class='ocrx_word' id='word_1_323' title='bbox 1126 4324 1198 4373; x_wconf 77' lang='lat' dir='ltr'>osias</span> <span class='ocrx_word' id='word_1_324' title='bbox 1210 4340 1306 4390; x_wconf 69' lang='lat' dir='ltr'>corpas</span> <span class='ocrx_word' id='word_1_325' title='bbox 1318 4327 1434 4392; x_wconf 67' lang='lat' dir='ltr'>lepre-</span> 
     </span>
     <span class='ocr_line' id='line_1_38' title="bbox 184 4408 1431 4476; baseline 0 -15"><span class='ocrx_word' id='word_1_326' title='bbox 184 4411 269 4461; x_wconf 61' lang='lat' dir='ltr'>adum</span> <span class='ocrx_word' id='word_1_327' title='bbox 280 4413 351 4466; x_wconf 71' lang='lat' dir='ltr'>erat5</span> <span class='ocrx_word' id='word_1_328' title='bbox 363 4423 428 4473; x_wconf 79' lang='lat' dir='ltr'>quoe</span> <span class='ocrx_word' id='word_1_329' title='bbox 437 4425 491 4463; x_wconf 76' lang='lat' dir='ltr'>cam</span> <span class='ocrx_word' id='word_1_330' title='bbox 504 4424 573 4474; x_wconf 75' lang='lat' dir='ltr'>aqua</span> <span class='ocrx_word' id='word_1_331' title='bbox 584 4411 632 4458; x_wconf 77' lang='lat' dir='ltr'>isos</span> <span class='ocrx_word' id='word_1_332' title='bbox 636 4409 839 4475; x_wconf 69' lang='lat' dir='ltr'>perfunderetur</span> <span class='ocrx_word' id='word_1_333' title='bbox 851 4412 877 4458; x_wconf 81' lang='lat' dir='ltr'>et</span> <span class='ocrx_word' id='word_1_334' title='bbox 885 4408 1028 4468; x_wconf 65' lang='lat' dir='ltr'>moretur,</span> <span class='ocrx_word' id='word_1_335' title='bbox 1040 4409 1225 4474; x_wconf 65' lang='lat' dir='ltr'>mutasti!</span> <span class='ocrx_word' id='word_1_336' title='bbox 1238 4427 1271 4460; x_wconf 73' lang='lat' dir='ltr'>ee</span> <span class='ocrx_word' id='word_1_337' title='bbox 1280 4415 1431 4476; x_wconf 55' lang='grc' dir='ltr'>παραυ·</span> 
     </span>
    </p>
   </div>
   <div class='ocr_carea' id='block_1_8' title="bbox 184 4496 349 4560">
    <p class='ocr_par' dir='ltr' id='par_1_12' title="bbox 184 4496 349 4560">
     <span class='ocr_line' id='line_1_39' title="bbox 184 4496 349 4560; baseline -0.018 -14"><span class='ocrx_word' id='word_1_338' title='bbox 184 4496 349 4560; x_wconf 60' lang='lat' dir='ltr'>asprum</span> 
     </span>
    </p>
   </div>
   <div class='ocr_carea' id='block_1_9' title="bbox 0 0 1452 5062">
    <p class='ocr_par' dir='ltr' id='par_1_13' title="bbox 0 0 1452 5062">
     <span class='ocr_line' id='line_1_40' title="bbox 0 0 1452 5062; baseline 0 0"><span class='ocrx_word' id='word_1_339' title='bbox 0 0 1452 5062; x_wconf 95' lang='lat' dir='ltr'> </span> 
     </span>
    </p>
   </div>
  </div>
 </body>
</html>
