2896 5062
137 113 179 176 60
357 112 689 163 renunc-namnam
706 110 948 162 uvauosniun.
977 110 1050 161 aar.
1068 111 1120 160 111.

138 271 173 329 et
184 285 264 330 ecce
276 264 433 347 angelus,
452 264 511 347 qui
521 263 686 346 apparuit
701 262 734 326 oi
744 262 914 345 vigilanti,
932 263 1096 345 apparuit
1111 261 1144 326 ei
1158 260 1328 327 insomnis

138 367 273 432 dicens:
305 365 381 449 Ego
405 386 480 430 sum
506 366 652 449 angelus
674 366 734 448 qni
759 363 991 430 adeodatus
1017 386 1092 430 snm
1118 363 1184 430 tibi
1205 369 1329 430 custos:

138 469 311 535 descende
330 489 473 533 securus
491 474 527 532 et
541 473 713 532 revertere
734 468 778 531 ad
792 466 950 547 Annam,
977 467 1059 549 quia
1075 465 1331 531 misericordiae

138 594 224 656 (quas
246 572 363 636 iecisti
383 578 422 634 tu
446 575 481 634 et
495 567 602 635 Anna
623 578 785 635 uxortua
806 572 843 634 in
861 576 1051 652 conspectu
1072 570 1238 634 altissimi
1255 571 1335 635 reci·

137 681 230 740 tatae
249 681 345 754 sunt,
369 680 405 738 et
426 673 496 738 tale
514 672 632 736 datum
655 680 709 738 est
724 673 822 738 vobis
843 693 999 755 germen,
1023 672 1127 755 quale
1150 694 1336 756 numquam

137 778 179 843 ab
196 778 298 842 initio
310 797 375 841 nec
386 775 578 858 prophetae
596 782 656 839 aut
673 777 785 840 sancti
801 775 1001 840 habuerunt
1013 795 1128 858 neque
1146 783 1230 840 sunt
1245 775 1337 840 habi·

137 880 218 945 turi.
248 879 297 943 Et
312 878 443 944 factum
460 885 514 943 est
529 899 607 942 oum
623 879 824 962 evigilasset
839 877 996 943 Ioaohim
1012 898 1033 942 a
1049 899 1185 959 somno,
1207 879 1338 943 vocavit

137 984 180 1048 ad
202 1004 238 1047 se
260 982 438 1066 gregarios
461 1002 542 1046 suos
564 988 599 1045 et
618 981 787 1046 indicavit
808 983 859 1045 eis
883 981 1054 1045 somnium
1071 1002 1182 1046 sunm.
1213 980 1267 1046 At
1287 981 1338 1046 illi

137 1085 369 1151 adoraverunt
380 1085 557 1149 dominum
573 1089 609 1148 et
619 1084 784 1148 dixerunt
799 1085 845 1148 ei:
869 1084 960 1151 Vide
973 1104 1015 1147 ne
1032 1084 1126 1148 ultra
1136 1089 1339 1149 contemnas

137 1187 300 1271 angelum
317 1187 387 1266 dei3
410 1186 471 1253 sed
489 1208 591 1270 surge
608 1187 880 1269 proficiscamur,
904 1191 939 1250 ct
954 1187 1050 1251 lento
1069 1186 1178 1270 gradu
1195 1208 1340 1270 pascen-

136 1297 190 1356 tes
208 1311 336 1355 eamus.

223 1395 234 1425 ⁵
253 1390 409 1474 Cumque
430 1392 577 1474 triginta
593 1391 668 1456 dies
690 1390 910 1456 ambularent
932 1397 967 1455 et
988 1397 1107 1455 essent
1128 1392 1196 1455 iam
1218 1411 1338 1474 prope,

138 1494 301 1578 apparuit
315 1491 441 1558 Annae
464 1495 501 1558 in
523 1494 680 1560 oratione
705 1494 812 1558 stanti
835 1494 981 1576 angelus
998 1493 1129 1558 domini
1146 1493 1270 1559 dicens
1293 1495 1338 1559 ei:

136 1596 235 1665 Vade
253 1597 297 1663 ad
313 1604 448 1679 portam
466 1617 554 1680 quae
571 1617 679 1661 aurea
693 1586 836 1661 vocatur
857 1603 892 1660 et
908 1616 1051 1660 occurre
1067 1597 1139 1661 viro
1157 1602 1235 1678 tuo,
1258 1618 1340 1681 quo·

138 1701 231 1764 niam
255 1700 372 1764 veniet
397 1698 441 1763 ad
466 1706 500 1763 te
527 1699 641 1763 hodie.
686 1696 738 1763 At
761 1699 824 1762 illa
847 1699 1059 1764 festinanter
1081 1699 1239 1783 perrexit
1263 1721 1340 1765 cum

136 1803 265 1885 puellis
283 1803 370 1882 suis,
395 1809 430 1865 et
446 1803 564 1884 coepit
578 1803 615 1865 in
634 1803 713 1883 ipsa
727 1807 829 1884 porta
845 1809 942 1866 stans
960 1822 1069 1866 orare.
1106 1801 1154 1865 Et
1170 1823 1250 1867 cum
1266 1803 1340 1868 diu·

137 1906 208 1970 tius
225 1912 445 1987 exspectaret
461 1912 496 1969 et
512 1905 617 1987 longa
633 1904 895 1986 exspectatione
910 1903 1085 1985 deficeret,
1103 1902 1244 1969 clevans
1261 1925 1340 1970 ocn-

138 2007 190 2072 los
210 2028 292 2072 suos
307 2008 395 2071 vidit
409 2006 566 2070 Ioaohim
582 2007 878 2072 venientcm'cum
898 2006 1085 2089 pecoribus
1107 2007 1197 2087 suis,
1222 2027 1340 2073 occur-

137 2131 288 2192 rensque
304 2107 411 2174 Anna
428 2108 613 2191 suspendit
629 2128 665 2173 se
683 2109 718 2173 in
737 2109 827 2175 collo
845 2110 931 2190 eins,
949 2110 1079 2192 gratias
1095 2129 1204 2191 agens
1222 2109 1288 2176 deo
1306 2115 1340 2176 et

142 2237 147 2242 .
151 2235 352 2243 .——-.—-———

138 2289 257 2342 raretum
268 2300 342 2344 nom,
353 2287 418 2334 item
426 2281 464 2347 etl
477 2298 494 2333 Δ
502 2285 763 2349 Dumquedorme'rset,
774 2300 829 2333 erce
841 2282 844 2349 Ι
857 2297 872 2333 c
883 2279 1101 2347 angeluedomr'sil
1114 2285 1182 2348 aqui
1190 2285 1341 2349 eioigilarti

138 2372 189 2419 iam
201 2376 361 2434 apparuerat
375 2369 378 2434 Ι
392 2384 408 2418 n
422 2371 448 2418 in
460 2386 545 2419 sorano
556 2366 560 2432 Ι
575 2384 591 2418 Ε
604 2387 620 2416 a
632 2370 731 2418 domiuo
746 2367 749 2433 Ι
763 2370 968 2418 misericordiae:
980 2383 997 2416 Β
1010 2371 1139 2418 orationes
1152 2366 1157 2434 Ι
1171 2384 1189 2420 Δ
1199 2387 1265 2435 quae
1277 2375 1305 2421 te
1315 2375 1340 2421 ei

138 2458 216 2504 Aurea
233 2472 297 2505 uxor
316 2460 360 2504 tua
369 2456 487 2519 ferietis,
504 2469 521 2504 n
538 2472 602 2519 quae
619 2460 646 2503 tu
663 2459 688 2503 et
706 2456 763 2518 ipsa
770 2455 877 2518 sectetis
896 2452 900 2519 Ι
920 2459 945 2502 et
963 2455 1016 2503 tale
1031 2456 1119 2504 datum
1130 2460 1169 2505 eet
1187 2455 1215 2519 (a
1227 2456 1338 2519 datur)-

138 2558 270 2606 uumquam
282 2542 314 2588 ab
327 2542 382 2589 init.
397 2558 440 2589 nec
453 2541 482 2601 (n
496 2557 538 2590 om
555 2542 587 2588 ab
600 2542 655 2589 init.
675 2539 729 2600 nee)
739 2556 798 2602 pro.
812 2544 856 2586 aut
869 2537 898 2600 (n
911 2540 965 2595 oel,·
983 2553 998 2589 c
1012 2539 1068 2602 uec)
1080 2546 1124 2590 etc
1143 2556 1203 2591 cum
1217 2555 1286 2603 cmm
1303 2555 1337 2591 ΑΒ

138 2628 254 2692 vasaque
266 2625 294 2686 (n
307 2628 360 2675 uod.
373 2625 448 2688 enim)
461 2627 523 2674 (leue
535 2626 612 2674 talem
623 2626 817 2688 daditsrucium
827 2625 926 2687 qualem
938 2626 969 2672 ab
979 2626 1035 2674 init.
1045 2642 1127 2689 namq.
1136 2626 1241 2676 bobun.
1247 2629 1337 2693 proph.

137 2729 182 2760 uec
191 2717 294 2761 sauctus
302 2711 397 2775 aliquis
407 2728 451 2759 nec
459 2713 515 2759 lead.
526 2715 583 2759 arsut
597 2708 600 2773 Ι
617 2711 761 2772 Etsactum
773 2715 810 2758 eet
819 2727 873 2758 cum
883 2711 912 2769 (s
921 2711 989 2773 dum)
1000 2711 1145 2774 evigilasset
1157 2711 1185 2774 (s
1194 2712 1338 2776 evigilaret)

138 2802 194 2847 etc:
214 2810 250 2845 nn
270 2797 329 2845 Cum
346 2803 428 2846 autem
440 2798 497 2846 Ioa.
515 2796 660 2859 evigiloeeel
672 2813 688 2843 a
699 2812 784 2844 somno
802 2793 805 2859 Ι
823 2797 959 2859 gregarios
976 2812 1034 2846 euos
1052 2796 1080 2859 (Δ
1093 2797 1287 2861 omreegreg.).·
1303 2811 1337 2849 cn

137 2883 289 2932 secretarios
301 2899 371 2938 suom
384 2896 400 2930 r
413 2898 495 2930 omues
508 2882 550 2944 qui
558 2881 699 2945 poscebant
708 2896 799 2944 greges
810 2897 868 2930 auce
887 2878 890 2943 Ι
911 2895 926 2928 Β
940 2883 1111 2944 eloqueretur.
1124 2883 1267 2933 susumus
1276 2885 1338 2932 reei-

138 2968 204 3016 tarr't
217 2966 220 3031 Ι
235 2969 273 3015 Ar
286 2968 340 3015 illi.-
353 2982 370 3016 a
382 2968 431 3016 Illi
443 2983 501 3016 nero
517 2965 520 3029 Ι
533 2980 549 3015 a
562 2967 634 3014 deum
646 2966 780 3014 adoraver.
794 2971 819 3015 et
830 2967 882 3015 dia.
898 2966 901 3031 Ι
916 2969 952 3015 ei:
964 2980 1018 3016 auls
1028 2983 1069 3016 om
1085 2963 1088 3031 Ι
1103 2966 1221 3030 argelum
1230 2970 1338 3019 aetem

138 3064 206 3102 cnr:
225 3066 243 3100 A
255 3053 350 3101 dictum
362 3053 461 3117 angeli,
479 3065 496 3100 n
509 3051 595 3113 angeli
606 3052 677 3099 ‹iu-ta
691 3048 694 3114 Ι
710 3065 726 3098 n
737 3051 829 3115 profic.
842 3053 899 3100 linc
911 3056 936 3100 et
946 3068 1017 3115 parc.
1028 3068 1119 3116 greges
1131 3053 1200 3102 lento
1209 3055 1289 3116 grad.
1301 3071 1338 3104 re·

138 3137 249 3197 deantur,
262 3150 278 3185 s
291 3139 349 3186 utne
361 3143 386 3187 et
395 3138 465 3202 pros,
479 3140 503 3183 et
512 3152 585 3199 paee.
595 3152 686 3198 greges
699 3135 767 3185 lento
776 3153 817 3199 gr.
831 3138 980 3186 reducamur

206 3225 230 3273 5.
260 3224 366 3286 Cumque
384 3248 392 3258 ·
410 3221 570 3269 ambularent
587 3225 612 3269 et
629 3226 709 3269 esseut
728 3220 755 3282 (c
774 3222 931 3271 ambulantes
948 3221 1040 3284 esseut)
1058 3246 1067 3258 ·
1085 3223 1166 3271 stanti
1191 3221 1222 3284 (n
1241 3225 1338 3288 dade»)

138 3316 181 3360 etc
192 3324 250 3358 cum
261 3321 311 3366 co3
325 3321 341 3356 a
356 3309 462 3370 Cumque
471 3322 521 3370 per
534 3307 589 3355 dies
600 3306 660 3368 trig.
673 3306 831 3356 ambulantes
838 3308 1013 3370 peruenissent
1022 3313 1079 3367 etc3
1093 3318 1111 3355 Δ
1126 3307 1177 3369 Qui
1188 3324 1245 3357 cum
1255 3311 1340 3375 epatio

138 3396 198 3457 trig.
216 3395 313 3442 dierum
329 3394 451 3442 morando
467 3396 622 3441 reverientes
639 3392 689 3439 iane
702 3407 785 3455 prope
802 3396 896 3450 essent,
915 3408 969 3441 ecce
987 3408 1046 3455 aug.
1059 3392 1123 3441 dom.
1136 3394 1218 3442 stanti
1230 3396 1298 3444 Aren.
1315 3400 1340 3445 et

137 3480 366 3542 orantiapparue't
379 3490 436 3536 eto;
455 3478 581 3526 similiter
593 3490 610 3525 n
623 3476 722 3539 (enaiim
739 3492 786 3540 pro
799 3478 891 3539 stanti)
911 3474 914 3540 Ι
940 3477 1023 3526 Vade:
1042 3491 1058 3525 a
1075 3477 1128 3526 edd
1147 3483 1173 3526 et
1187 3481 1297 3529 urende
1314 3483 1340 3529 ia

139 3563 278 3613 lateralem
297 3562 300 3626 Ι
319 3578 337 3611 a
350 3565 384 3612 ad
392 3568 497 3627 portam
509 3580 572 3626 quae
584 3563 680 3611 dieitur
694 3566 774 3625 porta
787 3579 881 3620 aurea,
900 3575 916 3610 s
930 3564 964 3611 ad
974 3569 1077 3627 portam
1088 3578 1194 3612 auream
1207 3561 1211 3627 Ι
1223 3567 1339 3628 quanm

138 3661 196 3698 ete:
210 3661 245 3696 ao
260 3649 286 3695 ἐκ
297 3650 340 3696 via
353 3650 413 3711 quia
425 3649 499 3698 hodie
515 3649 544 3710 (a
557 3665 607 3712 qua
616 3648 675 3696 sine
687 3646 758 3706 sod.)
772 3648 806 3695 ad
819 3652 843 3696 te
855 3649 936 3696 veriet
953 3648 980 3709 (a
995 3647 1072 3710 verrit)
1087 3645 1091 3713 Ι
1105 3649 1143 3697 At
1160 3648 1211 3697 illa
1223 3657 1268 3700 etc
1280 3666 1338 3702 oum

138 3745 205 3791 cne3
224 3747 241 3780 a
254 3733 311 3781 Illa
323 3734 479 3797 ergoserte'a.
493 3749 644 3783 concurrens
653 3734 771 3796 perrexit
783 3734 817 3780 ad
829 3749 896 3791 eum,
916 3746 932 3780 n
945 3733 1002 3781 Illa
1018 3749 1078 3796 ergo
1089 3736 1339 3800 surgenefeetieooit
1420 3726 1435 3763 ³

137 3822 213 3882 atque
226 3818 362 3866 lrwtieeime
370 3820 488 3882 perrerit
505 3816 509 3882 Ι
529 3824 553 3867 et
566 3820 647 3881 coepit
660 3843 668 3854 ·
681 3833 765 3867 orare.
791 3819 829 3867 Et
840 3834 895 3866 euru
906 3820 1003 3868 diutius
1014 3835 1082 3883 exsp.
1095 3822 1121 3868 et
1133 3819 1211 3884 longa
1223 3821 1251 3884 (n
1263 3838 1338 3873 orare

137 3909 162 3954 et
179 3903 275 3951 dictiue
290 3908 447 3965 exspectare.
470 3905 509 3952 Ee
527 3920 581 3952 cum
599 3902 687 3967 longa)
703 3929 712 3939 ·
731 3919 785 3951 cum
799 3920 856 3968 pec.
874 3905 926 3953 euie
943 3920 1001 3954 cum
1014 3916 1082 3962 cnm·
1099 3917 1118 3954 Δ
1135 3910 1161 3954 et
1178 3906 1337 3971 &precede

1404 3824 1438 3851 ⁴.

1396 3910 1440 3936 Δ

137 3990 262 4038 dominum
274 3994 346 4037 staur
358 3989 384 4036 iu
396 3993 477 4051 porta
488 3989 532 4036 diu
544 3988 707 4052 earpectabat
718 4004 781 4037 eum.
809 3989 882 4047 Quae
895 4006 949 4039 cum
961 3990 1040 4038 nimia
1051 3993 1239 4054 exspectatione
1250 3994 1337 4060 defice·
1386 4002 1439 4019 ‘

136 4081 191 4133 ret,
208 4075 310 4123 elevans
327 4073 414 4123 oculos
430 4074 496 4123 vidit
507 4074 601 4138 procul
617 4075 704 4123 Ioarh.
724 4079 776 4123 etc.
806 4073 938 4125 Similiter
955 4088 980 4123 s.
1001 4073 1005 4139 Ι
1025 4091 1207 4140 aerumnaque
1226 4103 1235 4115 ·
1253 4079 1337 4128 dicere
1350 4078 1446 4115 ⁴

137 4177 196 4209 cum
210 4172 255 4209 cn.
279 4172 296 4206 n
309 4164 334 4207 el
345 4159 459 4207 occurrit
470 4160 548 4206 Anna
560 4163 584 4207 et
595 4160 726 4223 suspendit
738 4176 764 4209 ee
776 4161 802 4208 in
815 4159 881 4209 rollo
893 4161 958 4217 eiur5
972 4178 1049 4225 agene
1060 4163 1106 4211 deo
1116 4177 1158 4224 gr.
1170 4163 1253 4221 dr'eia
1264 4176 1301 4214 ΑΒ
1312 4148 1444 4213 εἰ,

136 4262 271 4295 occurrere
290 4245 331 4292 illes
349 4245 383 4292 ad
397 4245 487 4293 rollum
506 4245 559 4292 eius
575 4261 601 4292 ae
613 4245 743 4308 surprndit
756 4249 798 4295 eto
817 4245 844 4306 (u
857 4247 988 4310 suspendit
1003 4248 1084 4310 iprum
1102 4247 1272 4310 anepleaande
1284 4248 1444 4298 ruffi
