<?xml version="1.0" encoding="UTF-8"?>
<!DOCTYPE html PUBLIC "-//W3C//DTD XHTML 1.0 Transitional//EN"
    "http://www.w3.org/TR/xhtml1/DTD/xhtml1-transitional.dtd">
<html xmlns="http://www.w3.org/1999/xhtml" xml:lang="en" lang="en">
 <head>
  <title>
</title>
<meta http-equiv="Content-Type" content="text/html;charset=utf-8" />
  <meta name='ocr-system' content='tesseract 3.04.00' />
  <meta name='ocr-capabilities' content='ocr_page ocr_carea ocr_par ocr_line ocrx_word'/>
</head>
<body>
  <div class='ocr_page' id='page_1' title='image "./evangeliaapocry01tiscgoog_0307.png"; bbox 0 0 2880 5062; ppageno 0'>
   <div class='ocr_carea' id='block_1_1' title="bbox 132 356 1103 422">
    <p class='ocr_par' dir='ltr' id='par_1_1' title="bbox 132 356 1103 422">
     <span class='ocr_line' id='line_1_1' title="bbox 132 356 1103 422; baseline -0.001 -10"><span class='ocrx_word' id='word_1_1' title='bbox 132 359 195 422; x_wconf 81' lang='grc'>202</span> <span class='ocrx_word' id='word_1_2' title='bbox 367 359 602 411; x_wconf 69' lang='lat' dir='ltr'>avuncunlum</span> <span class='ocrx_word' id='word_1_3' title='bbox 618 356 812 410; x_wconf 73' lang='lat' dir='ltr'>le&#39;ANTIAE</span> <span class='ocrx_word' id='word_1_4' title='bbox 828 356 1022 412; x_wconf 67' lang='lat' dir='ltr'>subulcum</span> <span class='ocrx_word' id='word_1_5' title='bbox 1044 360 1103 411; x_wconf 75' lang='lat' dir='ltr'>Xla·</span> 
     </span>
    </p>
   </div>
   <div class='ocr_carea' id='block_1_2' title="bbox 128 508 1337 1730">
    <p class='ocr_par' dir='ltr' id='par_1_2' title="bbox 128 508 1337 1730">
     <span class='ocr_line' id='line_1_2' title="bbox 132 508 1337 594; baseline -0.001 -17"><span class='ocrx_word' id='word_1_6' title='bbox 132 533 192 577; x_wconf 86' lang='lat' dir='ltr'>rex</span> <span class='ocrx_word' id='word_1_7' title='bbox 214 508 365 593; x_wconf 85' lang='lat' dir='ltr'>Iosepho</span> <span class='ocrx_word' id='word_1_8' title='bbox 391 511 502 575; x_wconf 90' lang='lat' dir='ltr'>iratus</span> <span class='ocrx_word' id='word_1_9' title='bbox 530 516 598 591; x_wconf 89' lang='lat' dir='ltr'>est;</span> <span class='ocrx_word' id='word_1_10' title='bbox 622 509 795 594; x_wconf 80' lang='lat' dir='ltr'>Iosephus</span> <span class='ocrx_word' id='word_1_11' title='bbox 820 516 937 576; x_wconf 90' lang='lat' dir='ltr'>autem</span> <span class='ocrx_word' id='word_1_12' title='bbox 962 530 983 575; x_wconf 93' lang='lat' dir='ltr'>a</span> <span class='ocrx_word' id='word_1_13' title='bbox 1007 530 1088 594; x_wconf 81' lang='lat' dir='ltr'>rege</span> <span class='ocrx_word' id='word_1_14' title='bbox 1112 511 1337 578; x_wconf 85' lang='lat' dir='ltr'>vehementer</span> 
     </span>
     <span class='ocr_line' id='line_1_3' title="bbox 131 614 1334 699; baseline -0.002 -17"><span class='ocrx_word' id='word_1_15' title='bbox 131 618 259 682; x_wconf 89' lang='lat' dir='ltr'>timens</span> <span class='ocrx_word' id='word_1_16' title='bbox 270 620 406 681; x_wconf 90' lang='lat' dir='ltr'>noctem</span> <span class='ocrx_word' id='word_1_17' title='bbox 422 617 629 682; x_wconf 79' lang='lat' dir='ltr'><strong>incoenatus</strong></span> <span class='ocrx_word' id='word_1_18' title='bbox 639 615 851 699; x_wconf 85' lang='lat' dir='ltr'>peregitnec</span> <span class='ocrx_word' id='word_1_19' title='bbox 862 615 1050 699; x_wconf 87' lang='lat' dir='ltr'>quicquam</span> <span class='ocrx_word' id='word_1_20' title='bbox 1066 614 1212 681; x_wconf 91' lang='lat' dir='ltr'>omnino</span> <span class='ocrx_word' id='word_1_21' title='bbox 1224 620 1334 698; x_wconf 78' lang='lat' dir='ltr'>gusta</span> 
     </span>
     <span class='ocr_line' id='line_1_4' title="bbox 131 715 1331 803; baseline -0.002 -18"><span class='ocrx_word' id='word_1_22' title='bbox 131 720 189 785; x_wconf 88' lang='lat' dir='ltr'>vit.</span> <span class='ocrx_word' id='word_1_23' title='bbox 220 717 319 783; x_wconf 78' lang='lat' dir='ltr'>Tune</span> <span class='ocrx_word' id='word_1_24' title='bbox 341 739 362 783; x_wconf 93' lang='lat' dir='ltr'>a</span> <span class='ocrx_word' id='word_1_25' title='bbox 379 717 518 784; x_wconf 92' lang='lat' dir='ltr'>domino</span> <span class='ocrx_word' id='word_1_26' title='bbox 534 717 618 784; x_wconf 85' lang='lat' dir='ltr'>Iesu</span> <span class='ocrx_word' id='word_1_27' title='bbox 635 725 777 803; x_wconf 83' lang='lat' dir='ltr'>rogatus</span> <span class='ocrx_word' id='word_1_28' title='bbox 797 738 905 801; x_wconf 89' lang='lat' dir='ltr'>quare</span> <span class='ocrx_word' id='word_1_29' title='bbox 921 718 1071 800; x_wconf 90' lang='lat' dir='ltr'>timeret,</span> <span class='ocrx_word' id='word_1_30' title='bbox 1095 715 1200 802; x_wconf 83' lang='lat' dir='ltr'>Quia,</span> <span class='ocrx_word' id='word_1_31' title='bbox 1224 719 1331 801; x_wconf 87' lang='lat' dir='ltr'>inquit</span> 
     </span>
     <span class='ocr_line' id='line_1_5' title="bbox 131 817 1328 906; baseline 0 -21"><span class='ocrx_word' id='word_1_32' title='bbox 131 820 319 904; x_wconf 87' lang='lat' dir='ltr'>Iosephus,</span> <span class='ocrx_word' id='word_1_33' title='bbox 343 840 443 886; x_wconf 92' lang='lat' dir='ltr'>omne</span> <span class='ocrx_word' id='word_1_34' title='bbox 465 820 555 885; x_wconf 92' lang='lat' dir='ltr'>illud</span> <span class='ocrx_word' id='word_1_35' title='bbox 572 821 673 906; x_wconf 40' lang='lat' dir='ltr'>,quod</span> <span class='ocrx_word' id='word_1_36' title='bbox 693 842 757 904; x_wconf 91' lang='lat' dir='ltr'>per</span> <span class='ocrx_word' id='word_1_37' title='bbox 777 820 960 886; x_wconf 80' lang='lat' dir='ltr'>biennium</span> <span class='ocrx_word' id='word_1_38' title='bbox 981 820 1051 886; x_wconf 83' lang='lat' dir='ltr'>feci</span> <span class='ocrx_word' id='word_1_39' title='bbox 1075 819 1231 905; x_wconf 88' lang='lat' dir='ltr'>perdidi.</span> <span class='ocrx_word' id='word_1_40' title='bbox 1270 817 1328 885; x_wconf 83' lang='lat' dir='ltr'>Oui</span> 
     </span>
     <span class='ocr_line' id='line_1_6' title="bbox 132 922 1328 1007; baseline -0.001 -19"><span class='ocrx_word' id='word_1_41' title='bbox 132 924 292 989; x_wconf 91' lang='lat' dir='ltr'>dominus</span> <span class='ocrx_word' id='word_1_42' title='bbox 308 922 421 1006; x_wconf 86' lang='lat' dir='ltr'>Iesus,</span> <span class='ocrx_word' id='word_1_43' title='bbox 435 922 490 989; x_wconf 90' lang='lat' dir='ltr'>Ne</span> <span class='ocrx_word' id='word_1_44' title='bbox 506 924 601 1006; x_wconf 91' lang='lat' dir='ltr'>time,</span> <span class='ocrx_word' id='word_1_45' title='bbox 618 925 745 1007; x_wconf 90' lang='lat' dir='ltr'>inquit,</span> <span class='ocrx_word' id='word_1_46' title='bbox 762 944 846 989; x_wconf 81' lang='lat' dir='ltr'>neve</span> <span class='ocrx_word' id='word_1_47' title='bbox 864 923 1017 989; x_wconf 89' lang='lat' dir='ltr'>animum</span> <span class='ocrx_word' id='word_1_48' title='bbox 1033 922 1166 1004; x_wconf 82' lang='lat' dir='ltr'>abiice3</span> <span class='ocrx_word' id='word_1_49' title='bbox 1181 922 1247 990; x_wconf 89' lang='lat' dir='ltr'>sed</span> <span class='ocrx_word' id='word_1_50' title='bbox 1261 942 1328 1006; x_wconf 87' lang='lat' dir='ltr'>pre·</span> 
     </span>
     <span class='ocr_line' id='line_1_7' title="bbox 130 1023 1325 1111; baseline -0.001 -19"><span class='ocrx_word' id='word_1_51' title='bbox 130 1027 245 1092; x_wconf 84' lang='lat' dir='ltr'>honde</span> <span class='ocrx_word' id='word_1_52' title='bbox 263 1033 302 1092; x_wconf 91' lang='lat' dir='ltr'>tu</span> <span class='ocrx_word' id='word_1_53' title='bbox 322 1046 429 1092; x_wconf 91' lang='lat' dir='ltr'>unum</span> <span class='ocrx_word' id='word_1_54' title='bbox 452 1026 532 1092; x_wconf 91' lang='lat' dir='ltr'>solii</span> <span class='ocrx_word' id='word_1_55' title='bbox 551 1026 660 1109; x_wconf 87' lang='lat' dir='ltr'>latus,</span> <span class='ocrx_word' id='word_1_56' title='bbox 683 1048 747 1111; x_wconf 85' lang='lat' dir='ltr'>ego</span> <span class='ocrx_word' id='word_1_57' title='bbox 768 1027 918 1093; x_wconf 85' lang='lat' dir='ltr'>alterum</span> <span class='ocrx_word' id='word_1_58' title='bbox 933 1026 1164 1110; x_wconf 78' lang='lat' dir='ltr'>prehendam,</span> <span class='ocrx_word' id='word_1_59' title='bbox 1185 1023 1325 1092; x_wconf 84' lang='lat' dir='ltr'>utillud</span> 
     </span>
     <span class='ocr_line' id='line_1_8' title="bbox 131 1127 1322 1214; baseline -0.002 -19"><span class='ocrx_word' id='word_1_60' title='bbox 131 1131 354 1213; x_wconf 82' lang='lat' dir='ltr'>corrigamus.</span> <span class='ocrx_word' id='word_1_61' title='bbox 381 1127 538 1213; x_wconf 84' lang='lat' dir='ltr'>Oumque</span> <span class='ocrx_word' id='word_1_62' title='bbox 556 1129 700 1195; x_wconf 84' lang='lat' dir='ltr'>fecisset</span> <span class='ocrx_word' id='word_1_63' title='bbox 708 1129 880 1213; x_wconf 88' lang='lat' dir='ltr'>Iosephus</span> <span class='ocrx_word' id='word_1_64' title='bbox 892 1129 1184 1214; x_wconf 80' lang='lat' dir='ltr'>quemadmodum</span> <span class='ocrx_word' id='word_1_65' title='bbox 1200 1128 1322 1195; x_wconf 84' lang='lat' dir='ltr'>dixerat</span> 
     </span>
     <span class='ocr_line' id='line_1_9' title="bbox 130 1230 1320 1317; baseline -0.003 -19"><span class='ocrx_word' id='word_1_66' title='bbox 130 1232 291 1298; x_wconf 89' lang='lat' dir='ltr'>domiuus</span> <span class='ocrx_word' id='word_1_67' title='bbox 312 1230 429 1313; x_wconf 90' lang='lat' dir='ltr'>Iesus,</span> <span class='ocrx_word' id='word_1_68' title='bbox 453 1238 488 1297; x_wconf 91' lang='lat' dir='ltr'>et</span> <span class='ocrx_word' id='word_1_69' title='bbox 505 1238 652 1317; x_wconf 91' lang='lat' dir='ltr'>uterque</span> <span class='ocrx_word' id='word_1_70' title='bbox 675 1253 696 1298; x_wconf 92' lang='lat' dir='ltr'>a</span> <span class='ocrx_word' id='word_1_71' title='bbox 717 1232 828 1298; x_wconf 89' lang='lat' dir='ltr'>latere</span> <span class='ocrx_word' id='word_1_72' title='bbox 851 1253 913 1298; x_wconf 91' lang='lat' dir='ltr'>suo</span> <span class='ocrx_word' id='word_1_73' title='bbox 935 1232 1115 1315; x_wconf 82' lang='lat' dir='ltr'>traxisset,</span> <span class='ocrx_word' id='word_1_74' title='bbox 1140 1237 1320 1298; x_wconf 88' lang='lat' dir='ltr'>correctum</span> 
     </span>
     <span class='ocr_line' id='line_1_10' title="bbox 131 1331 1316 1417; baseline -0.002 -17"><span class='ocrx_word' id='word_1_75' title='bbox 131 1341 186 1400; x_wconf 92' lang='lat' dir='ltr'>est</span> <span class='ocrx_word' id='word_1_76' title='bbox 202 1334 328 1400; x_wconf 89' lang='lat' dir='ltr'>solium</span> <span class='ocrx_word' id='word_1_77' title='bbox 350 1340 386 1400; x_wconf 93' lang='lat' dir='ltr'>et</span> <span class='ocrx_word' id='word_1_78' title='bbox 406 1334 450 1399; x_wconf 89' lang='lat' dir='ltr'>ad</span> <span class='ocrx_word' id='word_1_79' title='bbox 472 1335 600 1400; x_wconf 88' lang='lat' dir='ltr'>iustam</span> <span class='ocrx_word' id='word_1_80' title='bbox 619 1335 688 1401; x_wconf 91' lang='lat' dir='ltr'>loci</span> <span class='ocrx_word' id='word_1_81' title='bbox 704 1333 802 1401; x_wconf 89' lang='lat' dir='ltr'>illius</span> <span class='ocrx_word' id='word_1_82' title='bbox 819 1356 1015 1401; x_wconf 90' lang='lat' dir='ltr'>mensuram</span> <span class='ocrx_word' id='word_1_83' title='bbox 1032 1334 1224 1402; x_wconf 85' lang='lat' dir='ltr'>redactum.</span> <span class='ocrx_word' id='word_1_84' title='bbox 1253 1331 1316 1417; x_wconf 82' lang='lat' dir='ltr'>Quo</span> 
     </span>
     <span class='ocr_line' id='line_1_11' title="bbox 128 1437 1315 1523; baseline -0.001 -20"><span class='ocrx_word' id='word_1_85' title='bbox 128 1437 290 1523; x_wconf 82' lang='lat' dir='ltr'>prodigio</span> <span class='ocrx_word' id='word_1_86' title='bbox 313 1444 498 1521; x_wconf 88' lang='lat' dir='ltr'>conspecto</span> <span class='ocrx_word' id='word_1_87' title='bbox 516 1439 576 1522; x_wconf 92' lang='lat' dir='ltr'>qui</span> <span class='ocrx_word' id='word_1_88' title='bbox 597 1438 745 1503; x_wconf 89' lang='lat' dir='ltr'>aderant</span> <span class='ocrx_word' id='word_1_89' title='bbox 766 1437 1025 1522; x_wconf 89' lang='lat' dir='ltr'>obstupuerunt</span> <span class='ocrx_word' id='word_1_90' title='bbox 1044 1446 1081 1504; x_wconf 91' lang='lat' dir='ltr'>et</span> <span class='ocrx_word' id='word_1_91' title='bbox 1095 1437 1200 1505; x_wconf 89' lang='lat' dir='ltr'>deum</span> <span class='ocrx_word' id='word_1_92' title='bbox 1214 1437 1315 1503; x_wconf 85' lang='lat' dir='ltr'>lauda·</span> 
     </span>
     <span class='ocr_line' id='line_1_12' title="bbox 128 1539 1311 1627; baseline 0.001 -21"><span class='ocrx_word' id='word_1_93' title='bbox 128 1547 220 1606; x_wconf 91' lang='lat' dir='ltr'>runt.</span> <span class='ocrx_word' id='word_1_94' title='bbox 251 1540 366 1623; x_wconf 85' lang='lat' dir='ltr'>Ligna</span> <span class='ocrx_word' id='word_1_95' title='bbox 380 1561 460 1607; x_wconf 82' lang='lat' dir='ltr'>vero</span> <span class='ocrx_word' id='word_1_96' title='bbox 486 1542 561 1607; x_wconf 90' lang='lat' dir='ltr'>eius</span> <span class='ocrx_word' id='word_1_97' title='bbox 582 1543 662 1608; x_wconf 91' lang='lat' dir='ltr'>solii</span> <span class='ocrx_word' id='word_1_98' title='bbox 685 1563 726 1608; x_wconf 86' lang='lat' dir='ltr'>ex</span> <span class='ocrx_word' id='word_1_99' title='bbox 747 1542 820 1607; x_wconf 89' lang='lat' dir='ltr'>illis</span> <span class='ocrx_word' id='word_1_100' title='bbox 840 1549 941 1607; x_wconf 88' lang='lat' dir='ltr'>erant</span> <span class='ocrx_word' id='word_1_101' title='bbox 956 1563 1044 1627; x_wconf 87' lang='lat' dir='ltr'>quae</span> <span class='ocrx_word' id='word_1_102' title='bbox 1062 1548 1219 1626; x_wconf 90' lang='lat' dir='ltr'>tempore</span> <span class='ocrx_word' id='word_1_103' title='bbox 1233 1539 1311 1609; x_wconf 81' lang='lat' dir='ltr'>Salo</span> 
     </span>
     <span class='ocr_line' id='line_1_13' title="bbox 128 1642 1306 1730; baseline 0 -21"><span class='ocrx_word' id='word_1_104' title='bbox 128 1645 241 1709; x_wconf 90' lang='lat' dir='ltr'>monis</span> <span class='ocrx_word' id='word_1_105' title='bbox 252 1642 316 1709; x_wconf 90' lang='lat' dir='ltr'>filii</span> <span class='ocrx_word' id='word_1_106' title='bbox 326 1643 472 1710; x_wconf 83' lang='lat' dir='ltr'>Davidis</span> <span class='ocrx_word' id='word_1_107' title='bbox 484 1644 763 1727; x_wconf 87' lang='lat' dir='ltr'>celebrabantur,</span> <span class='ocrx_word' id='word_1_108' title='bbox 777 1646 798 1710; x_wconf 89' lang='lat' dir='ltr'>i.</span> <span class='ocrx_word' id='word_1_109' title='bbox 811 1667 839 1711; x_wconf 86' lang='lat' dir='ltr'>e.</span> <span class='ocrx_word' id='word_1_110' title='bbox 851 1645 948 1730; x_wconf 82' lang='lat' dir='ltr'>ligna</span> <span class='ocrx_word' id='word_1_111' title='bbox 958 1647 1053 1711; x_wconf 84' lang='lat' dir='ltr'>varia</span> <span class='ocrx_word' id='word_1_112' title='bbox 1064 1652 1099 1712; x_wconf 93' lang='lat' dir='ltr'>et</span> <span class='ocrx_word' id='word_1_113' title='bbox 1109 1644 1306 1730; x_wconf 75' lang='lat' dir='ltr'>multiplicia</span> 
     </span>
    </p>
   </div>
   <div class='ocr_carea' id='block_1_3' title="bbox 616 1866 840 1934">
    <p class='ocr_par' dir='ltr' id='par_1_3' title="bbox 616 1866 840 1934">
     <span class='ocr_line' id='line_1_14' title="bbox 616 1866 840 1934; baseline 0.004 -1"><span class='ocrx_word' id='word_1_114' title='bbox 616 1866 737 1933; x_wconf 79' lang='lat' dir='ltr'>Onnnr</span> <span class='ocrx_word' id='word_1_115' title='bbox 760 1867 840 1934; x_wconf 89' lang='lat' dir='ltr'>XL.</span> 
     </span>
    </p>
   </div>
   <div class='ocr_carea' id='block_1_4' title="bbox 121 2035 1320 3672">
    <p class='ocr_par' dir='ltr' id='par_1_4' title="bbox 121 2035 1320 3672">
     <span class='ocr_line' id='line_1_15' title="bbox 211 2035 1309 2124; baseline 0 -24"><span class='ocrx_word' id='word_1_116' title='bbox 211 2035 295 2102; x_wconf 84' lang='lat' dir='ltr'>Alio</span> <span class='ocrx_word' id='word_1_117' title='bbox 314 2036 464 2120; x_wconf 89' lang='lat' dir='ltr'>quodam</span> <span class='ocrx_word' id='word_1_118' title='bbox 481 2037 537 2103; x_wconf 94' lang='lat' dir='ltr'>die</span> <span class='ocrx_word' id='word_1_119' title='bbox 555 2038 716 2105; x_wconf 89' lang='lat' dir='ltr'>dominus</span> <span class='ocrx_word' id='word_1_120' title='bbox 733 2039 834 2105; x_wconf 88' lang='lat' dir='ltr'>Issus</span> <span class='ocrx_word' id='word_1_121' title='bbox 856 2038 996 2104; x_wconf 83' lang='lat' dir='ltr'>inviam</span> <span class='ocrx_word' id='word_1_122' title='bbox 1014 2060 1178 2124; x_wconf 81' lang='lat' dir='ltr'>egressus</span> <span class='ocrx_word' id='word_1_123' title='bbox 1196 2044 1229 2104; x_wconf 90' lang='lat' dir='ltr'>et</span> <span class='ocrx_word' id='word_1_124' title='bbox 1242 2055 1309 2121; x_wconf 88' lang='lat' dir='ltr'>pue-</span> 
     </span>
     <span class='ocr_line' id='line_1_16' title="bbox 126 2139 1309 2225; baseline -0.003 -20"><span class='ocrx_word' id='word_1_125' title='bbox 126 2161 184 2205; x_wconf 87' lang='lat' dir='ltr'>ros</span> <span class='ocrx_word' id='word_1_126' title='bbox 206 2139 267 2222; x_wconf 92' lang='lat' dir='ltr'>qui</span> <span class='ocrx_word' id='word_1_127' title='bbox 288 2139 332 2204; x_wconf 91' lang='lat' dir='ltr'>ad</span> <span class='ocrx_word' id='word_1_128' title='bbox 353 2139 546 2206; x_wconf 92' lang='lat' dir='ltr'>ludendum</span> <span class='ocrx_word' id='word_1_129' title='bbox 566 2149 802 2208; x_wconf 83' lang='lat' dir='ltr'>convenerant</span> <span class='ocrx_word' id='word_1_130' title='bbox 824 2142 1046 2225; x_wconf 80' lang='lat' dir='ltr'>conspicatus</span> <span class='ocrx_word' id='word_1_131' title='bbox 1069 2163 1128 2208; x_wconf 85' lang='lat' dir='ltr'>eos</span> <span class='ocrx_word' id='word_1_132' title='bbox 1147 2143 1309 2208; x_wconf 84' lang='lat' dir='ltr'>insecutus</span> 
     </span>
     <span class='ocr_line' id='line_1_17' title="bbox 127 2241 1312 2327; baseline -0.003 -19"><span class='ocrx_word' id='word_1_133' title='bbox 127 2250 190 2326; x_wconf 86' lang='lat' dir='ltr'>est,</span> <span class='ocrx_word' id='word_1_134' title='bbox 207 2243 308 2327; x_wconf 89' lang='lat' dir='ltr'>pueri</span> <span class='ocrx_word' id='word_1_135' title='bbox 325 2250 441 2308; x_wconf 88' lang='lat' dir='ltr'>autem</span> <span class='ocrx_word' id='word_1_136' title='bbox 458 2264 496 2309; x_wconf 89' lang='lat' dir='ltr'>se</span> <span class='ocrx_word' id='word_1_137' title='bbox 512 2244 555 2310; x_wconf 91' lang='lat' dir='ltr'>ab</span> <span class='ocrx_word' id='word_1_138' title='bbox 573 2245 635 2310; x_wconf 95' lang='lat' dir='ltr'>illo</span> <span class='ocrx_word' id='word_1_139' title='bbox 653 2245 925 2312; x_wconf 89' lang='lat' dir='ltr'>absconderunt.</span> <span class='ocrx_word' id='word_1_140' title='bbox 958 2244 1134 2310; x_wconf 89' lang='lat' dir='ltr'>Dominus</span> <span class='ocrx_word' id='word_1_141' title='bbox 1149 2245 1245 2311; x_wconf 89' lang='lat' dir='ltr'>Iesus</span> <span class='ocrx_word' id='word_1_142' title='bbox 1257 2241 1312 2327; x_wconf 81' lang='lat' dir='ltr'>igi-</span> 
     </span>
     <span class='ocr_line' id='line_1_18' title="bbox 126 2343 1312 2429; baseline -0.003 -17"><span class='ocrx_word' id='word_1_143' title='bbox 126 2353 282 2412; x_wconf 88' lang='lat' dir='ltr'>turcum</span> <span class='ocrx_word' id='word_1_144' title='bbox 306 2345 351 2410; x_wconf 90' lang='lat' dir='ltr'>ad</span> <span class='ocrx_word' id='word_1_145' title='bbox 374 2352 509 2429; x_wconf 90' lang='lat' dir='ltr'>portam</span> <span class='ocrx_word' id='word_1_146' title='bbox 532 2345 655 2414; x_wconf 90' lang='lat' dir='ltr'>domus</span> <span class='ocrx_word' id='word_1_147' title='bbox 680 2349 861 2414; x_wconf 89' lang='lat' dir='ltr'>cuiusdam</span> <span class='ocrx_word' id='word_1_148' title='bbox 881 2349 1036 2414; x_wconf 81' lang='lat' dir='ltr'>venisset</span> <span class='ocrx_word' id='word_1_149' title='bbox 1061 2351 1097 2413; x_wconf 91' lang='lat' dir='ltr'>et</span> <span class='ocrx_word' id='word_1_150' title='bbox 1122 2355 1248 2414; x_wconf 88' lang='lat' dir='ltr'>stantes</span> <span class='ocrx_word' id='word_1_151' title='bbox 1266 2343 1312 2410; x_wconf 91' lang='lat' dir='ltr'>ibi</span> 
     </span>
     <span class='ocr_line' id='line_1_19' title="bbox 125 2449 1312 2536; baseline -0.003 -20"><span class='ocrx_word' id='word_1_152' title='bbox 125 2449 291 2516; x_wconf 88' lang='lat' dir='ltr'>mulieres</span> <span class='ocrx_word' id='word_1_153' title='bbox 309 2450 557 2532; x_wconf 83' lang='lat' dir='ltr'>conspexisset,</span> <span class='ocrx_word' id='word_1_154' title='bbox 581 2471 640 2516; x_wconf 85' lang='lat' dir='ltr'>eas</span> <span class='ocrx_word' id='word_1_155' title='bbox 656 2452 791 2536; x_wconf 82' lang='lat' dir='ltr'>rogavit</span> <span class='ocrx_word' id='word_1_156' title='bbox 807 2472 958 2535; x_wconf 91' lang='lat' dir='ltr'>quonam</span> <span class='ocrx_word' id='word_1_157' title='bbox 974 2452 1077 2534; x_wconf 90' lang='lat' dir='ltr'>pueri</span> <span class='ocrx_word' id='word_1_158' title='bbox 1091 2451 1147 2516; x_wconf 92' lang='lat' dir='ltr'>illi</span> <span class='ocrx_word' id='word_1_159' title='bbox 1162 2451 1312 2517; x_wconf 76' lang='lat' dir='ltr'>abissent.</span> 
     </span>
     <span class='ocr_line' id='line_1_20' title="bbox 125 2552 1310 2640; baseline -0.006 -20"><span class='ocrx_word' id='word_1_160' title='bbox 125 2552 282 2637; x_wconf 84' lang='lat' dir='ltr'>Cumque</span> <span class='ocrx_word' id='word_1_161' title='bbox 304 2553 478 2619; x_wconf 92' lang='lat' dir='ltr'>neminem</span> <span class='ocrx_word' id='word_1_162' title='bbox 498 2553 548 2619; x_wconf 92' lang='lat' dir='ltr'>ibi</span> <span class='ocrx_word' id='word_1_163' title='bbox 573 2555 697 2621; x_wconf 86' lang='lat' dir='ltr'>adesse</span> <span class='ocrx_word' id='word_1_164' title='bbox 716 2555 999 2640; x_wconf 88' lang='lat' dir='ltr'>respondissent,</span> <span class='ocrx_word' id='word_1_165' title='bbox 1020 2556 1150 2620; x_wconf 91' lang='lat' dir='ltr'>iterum</span> <span class='ocrx_word' id='word_1_166' title='bbox 1165 2553 1310 2621; x_wconf 83' lang='lat' dir='ltr'>dominus</span> 
     </span>
     <span class='ocr_line' id='line_1_21' title="bbox 122 2655 1313 2741; baseline -0.001 -19"><span class='ocrx_word' id='word_1_167' title='bbox 122 2656 236 2739; x_wconf 90' lang='lat' dir='ltr'>Iesus,</span> <span class='ocrx_word' id='word_1_168' title='bbox 257 2655 318 2738; x_wconf 91' lang='lat' dir='ltr'>Hi,</span> <span class='ocrx_word' id='word_1_169' title='bbox 339 2657 465 2740; x_wconf 90' lang='lat' dir='ltr'>inquit,</span> <span class='ocrx_word' id='word_1_170' title='bbox 488 2678 576 2741; x_wconf 89' lang='lat' dir='ltr'>quos</span> <span class='ocrx_word' id='word_1_171' title='bbox 596 2660 633 2723; x_wconf 91' lang='lat' dir='ltr'>in</span> <span class='ocrx_word' id='word_1_172' title='bbox 648 2658 790 2725; x_wconf 81' lang='lat' dir='ltr'>fornace</span> <span class='ocrx_word' id='word_1_173' title='bbox 806 2657 944 2740; x_wconf 86' lang='lat' dir='ltr'>videtis,</span> <span class='ocrx_word' id='word_1_174' title='bbox 966 2657 1109 2740; x_wconf 90' lang='lat' dir='ltr'>quinam</span> <span class='ocrx_word' id='word_1_175' title='bbox 1126 2656 1227 2725; x_wconf 79' lang='lat' dir='ltr'>sunt?</span> <span class='ocrx_word' id='word_1_176' title='bbox 1251 2655 1313 2721; x_wconf 83' lang='lat' dir='ltr'>Ro·</span> 
     </span>
     <span class='ocr_line' id='line_1_22' title="bbox 123 2759 1309 2846; baseline -0.008 -17"><span class='ocrx_word' id='word_1_177' title='bbox 123 2760 379 2846; x_wconf 88' lang='lat' dir='ltr'>spondentibus</span> <span class='ocrx_word' id='word_1_178' title='bbox 390 2761 462 2826; x_wconf 92' lang='lat' dir='ltr'>illis</span> <span class='ocrx_word' id='word_1_179' title='bbox 472 2761 603 2827; x_wconf 89' lang='lat' dir='ltr'>haedos</span> <span class='ocrx_word' id='word_1_180' title='bbox 614 2782 691 2828; x_wconf 90' lang='lat' dir='ltr'>esse</span> <span class='ocrx_word' id='word_1_181' title='bbox 702 2763 869 2844; x_wconf 90' lang='lat' dir='ltr'>triennes,</span> <span class='ocrx_word' id='word_1_182' title='bbox 883 2762 1044 2827; x_wconf 83' lang='lat' dir='ltr'>clamavit</span> <span class='ocrx_word' id='word_1_183' title='bbox 1054 2759 1309 2828; x_wconf 80' lang='lat' dir='ltr'>dominusIeens</span> 
     </span>
     <span class='ocr_line' id='line_1_23' title="bbox 123 2857 1313 2950; baseline -0.005 -18"><span class='ocrx_word' id='word_1_184' title='bbox 123 2867 295 2948; x_wconf 86' lang='lat' dir='ltr'>dixitque:</span> <span class='ocrx_word' id='word_1_185' title='bbox 320 2863 402 2928; x_wconf 88' lang='lat' dir='ltr'>Huc</span> <span class='ocrx_word' id='word_1_186' title='bbox 419 2865 520 2946; x_wconf 86' lang='lat' dir='ltr'>exite,</span> <span class='ocrx_word' id='word_1_187' title='bbox 538 2864 681 2947; x_wconf 89' lang='lat' dir='ltr'>obaedi,</span> <span class='ocrx_word' id='word_1_188' title='bbox 699 2865 743 2930; x_wconf 86' lang='lat' dir='ltr'>ad</span> <span class='ocrx_word' id='word_1_189' title='bbox 755 2871 930 2948; x_wconf 89' lang='lat' dir='ltr'>pastorem</span> <span class='ocrx_word' id='word_1_190' title='bbox 939 2871 1102 2931; x_wconf 85' lang='lat' dir='ltr'>vestrum.</span> <span class='ocrx_word' id='word_1_191' title='bbox 1126 2857 1313 2950; x_wconf 78' lang='lat' dir='ltr'>Tumpueri</span> 
     </span>
     <span class='ocr_line' id='line_1_24' title="bbox 122 2966 1313 3052; baseline -0.001 -19"><span class='ocrx_word' id='word_1_192' title='bbox 122 2967 313 3033; x_wconf 87' lang='lat' dir='ltr'>haedorum</span> <span class='ocrx_word' id='word_1_193' title='bbox 331 2967 483 3050; x_wconf 89' lang='lat' dir='ltr'>speciem</span> <span class='ocrx_word' id='word_1_194' title='bbox 499 2966 670 3033; x_wconf 91' lang='lat' dir='ltr'>habentes</span> <span class='ocrx_word' id='word_1_195' title='bbox 688 2969 847 3034; x_wconf 85' lang='lat' dir='ltr'>exierunt</span> <span class='ocrx_word' id='word_1_196' title='bbox 864 2974 899 3033; x_wconf 90' lang='lat' dir='ltr'>et</span> <span class='ocrx_word' id='word_1_197' title='bbox 909 2968 1003 3034; x_wconf 91' lang='lat' dir='ltr'>circa</span> <span class='ocrx_word' id='word_1_198' title='bbox 1018 2970 1135 3052; x_wconf 89' lang='lat' dir='ltr'>ipsum</span> <span class='ocrx_word' id='word_1_199' title='bbox 1150 2968 1313 3035; x_wconf 78' lang='lat' dir='ltr'>exsulare</span> 
     </span>
     <span class='ocr_line' id='line_1_25' title="bbox 123 3070 1315 3155; baseline -0.003 -18"><span class='ocrx_word' id='word_1_200' title='bbox 123 3076 328 3155; x_wconf 88' lang='lat' dir='ltr'>coeperunt:</span> <span class='ocrx_word' id='word_1_201' title='bbox 351 3091 418 3153; x_wconf 91' lang='lat' dir='ltr'>quo</span> <span class='ocrx_word' id='word_1_202' title='bbox 436 3076 622 3154; x_wconf 90' lang='lat' dir='ltr'>conspecto</span> <span class='ocrx_word' id='word_1_203' title='bbox 638 3073 803 3137; x_wconf 92' lang='lat' dir='ltr'>mulieres</span> <span class='ocrx_word' id='word_1_204' title='bbox 823 3071 906 3137; x_wconf 88' lang='lat' dir='ltr'>illae</span> <span class='ocrx_word' id='word_1_205' title='bbox 928 3071 1114 3138; x_wconf 88' lang='lat' dir='ltr'>admodum</span> <span class='ocrx_word' id='word_1_206' title='bbox 1131 3073 1264 3138; x_wconf 82' lang='lat' dir='ltr'>miratae</span> <span class='ocrx_word' id='word_1_207' title='bbox 1276 3070 1315 3133; x_wconf 82' lang='lat' dir='ltr'>et</span> 
     </span>
     <span class='ocr_line' id='line_1_26' title="bbox 121 3174 1316 3259; baseline -0.001 -20"><span class='ocrx_word' id='word_1_208' title='bbox 121 3180 272 3239; x_wconf 90' lang='lat' dir='ltr'>tremore</span> <span class='ocrx_word' id='word_1_209' title='bbox 294 3179 473 3256; x_wconf 85' lang='lat' dir='ltr'>correptae</span> <span class='ocrx_word' id='word_1_210' title='bbox 495 3194 644 3258; x_wconf 90' lang='lat' dir='ltr'>propere</span> <span class='ocrx_word' id='word_1_211' title='bbox 668 3174 845 3241; x_wconf 92' lang='lat' dir='ltr'>dominum</span> <span class='ocrx_word' id='word_1_212' title='bbox 866 3174 984 3241; x_wconf 87' lang='lat' dir='ltr'>Iesum</span> <span class='ocrx_word' id='word_1_213' title='bbox 1005 3175 1184 3259; x_wconf 89' lang='lat' dir='ltr'>supplices</span> <span class='ocrx_word' id='word_1_214' title='bbox 1204 3175 1316 3242; x_wconf 75' lang='lat' dir='ltr'>adora·</span> 
     </span>
     <span class='ocr_line' id='line_1_27' title="bbox 122 3273 1315 3362; baseline -0.002 -20"><span class='ocrx_word' id='word_1_215' title='bbox 122 3283 218 3359; x_wconf 88' lang='lat' dir='ltr'>runt,</span> <span class='ocrx_word' id='word_1_216' title='bbox 240 3276 414 3342; x_wconf 87' lang='lat' dir='ltr'>dicentes:</span> <span class='ocrx_word' id='word_1_217' title='bbox 446 3273 476 3342; x_wconf 94' lang='grc' dir='ltr'>Ο</span> <span class='ocrx_word' id='word_1_218' title='bbox 495 3276 632 3342; x_wconf 92' lang='lat' dir='ltr'>domine</span> <span class='ocrx_word' id='word_1_219' title='bbox 650 3283 771 3343; x_wconf 89' lang='lat' dir='ltr'>noster</span> <span class='ocrx_word' id='word_1_220' title='bbox 787 3278 886 3361; x_wconf 87' lang='lat' dir='ltr'>Iesu,</span> <span class='ocrx_word' id='word_1_221' title='bbox 910 3278 960 3343; x_wconf 92' lang='lat' dir='ltr'>fili</span> <span class='ocrx_word' id='word_1_222' title='bbox 976 3277 1130 3362; x_wconf 89' lang='lat' dir='ltr'>Mariae,</span> <span class='ocrx_word' id='word_1_223' title='bbox 1151 3287 1190 3346; x_wconf 92' lang='lat' dir='ltr'>tu</span> <span class='ocrx_word' id='word_1_224' title='bbox 1205 3292 1315 3345; x_wconf 77' lang='lat' dir='ltr'>reuera</span> 
     </span>
     <span class='ocr_line' id='line_1_28' title="bbox 122 3379 1314 3463; baseline -0.003 -17"><span class='ocrx_word' id='word_1_225' title='bbox 122 3401 159 3446; x_wconf 89' lang='lat' dir='ltr'>es</span> <span class='ocrx_word' id='word_1_226' title='bbox 185 3385 305 3463; x_wconf 88' lang='lat' dir='ltr'>pastor</span> <span class='ocrx_word' id='word_1_227' title='bbox 332 3379 393 3444; x_wconf 92' lang='lat' dir='ltr'>ille</span> <span class='ocrx_word' id='word_1_228' title='bbox 420 3379 532 3445; x_wconf 90' lang='lat' dir='ltr'>bonus</span> <span class='ocrx_word' id='word_1_229' title='bbox 559 3379 720 3463; x_wconf 91' lang='lat' dir='ltr'>Israelis,</span> <span class='ocrx_word' id='word_1_230' title='bbox 755 3381 921 3447; x_wconf 90' lang='lat' dir='ltr'>miserere</span> <span class='ocrx_word' id='word_1_231' title='bbox 952 3382 1159 3449; x_wconf 89' lang='lat' dir='ltr'>ancillarum</span> <span class='ocrx_word' id='word_1_232' title='bbox 1184 3390 1314 3450; x_wconf 85' lang='lat' dir='ltr'>tuarum</span> 
     </span>
     <span class='ocr_line' id='line_1_29' title="bbox 121 3485 1317 3568; baseline -0.003 -20"><span class='ocrx_word' id='word_1_233' title='bbox 121 3504 210 3568; x_wconf 88' lang='lat' dir='ltr'>quae</span> <span class='ocrx_word' id='word_1_234' title='bbox 229 3504 344 3549; x_wconf 91' lang='lat' dir='ltr'>coram</span> <span class='ocrx_word' id='word_1_235' title='bbox 360 3488 395 3548; x_wconf 92' lang='lat' dir='ltr'>te</span> <span class='ocrx_word' id='word_1_236' title='bbox 413 3486 509 3548; x_wconf 87' lang='lat' dir='ltr'>stant</span> <span class='ocrx_word' id='word_1_237' title='bbox 525 3504 684 3568; x_wconf 88' lang='lat' dir='ltr'>quaeque</span> <span class='ocrx_word' id='word_1_238' title='bbox 702 3506 881 3568; x_wconf 87' lang='lat' dir='ltr'>nunquam</span> <span class='ocrx_word' id='word_1_239' title='bbox 897 3485 1118 3553; x_wconf 85' lang='lat' dir='ltr'>dubitarunt:</span> <span class='ocrx_word' id='word_1_240' title='bbox 1138 3486 1182 3553; x_wconf 92' lang='lat' dir='ltr'>ad</span> <span class='ocrx_word' id='word_1_241' title='bbox 1200 3500 1317 3552; x_wconf 84' lang='lat' dir='ltr'>sanan·</span> 
     </span>
     <span class='ocr_line' id='line_1_30' title="bbox 121 3584 1320 3672; baseline 0 -22"><span class='ocrx_word' id='word_1_242' title='bbox 121 3585 203 3651; x_wconf 93' lang='lat' dir='ltr'>dum</span> <span class='ocrx_word' id='word_1_243' title='bbox 219 3586 322 3668; x_wconf 91' lang='lat' dir='ltr'>euim,</span> <span class='ocrx_word' id='word_1_244' title='bbox 340 3606 359 3652; x_wconf 95' lang='lat' dir='ltr'>o</span> <span class='ocrx_word' id='word_1_245' title='bbox 376 3586 514 3653; x_wconf 90' lang='lat' dir='ltr'>domine</span> <span class='ocrx_word' id='word_1_246' title='bbox 531 3594 659 3670; x_wconf 89' lang='lat' dir='ltr'>noster,</span> <span class='ocrx_word' id='word_1_247' title='bbox 676 3588 813 3670; x_wconf 88' lang='lat' dir='ltr'>venisti,</span> <span class='ocrx_word' id='word_1_248' title='bbox 830 3608 901 3654; x_wconf 91' lang='lat' dir='ltr'>non</span> <span class='ocrx_word' id='word_1_249' title='bbox 918 3587 962 3653; x_wconf 92' lang='lat' dir='ltr'>ad</span> <span class='ocrx_word' id='word_1_250' title='bbox 978 3589 1206 3672; x_wconf 89' lang='lat' dir='ltr'>perdendum.</span> <span class='ocrx_word' id='word_1_251' title='bbox 1232 3584 1320 3653; x_wconf 82' lang='lat' dir='ltr'>cum</span> 
     </span>
    </p>
   </div>
   <div class='ocr_carea' id='block_1_5' title="bbox 115 3803 1357 4567">
    <p class='ocr_par' dir='ltr' id='par_1_5' title="bbox 120 3803 1324 3965">
     <span class='ocr_line' id='line_1_31' title="bbox 189 3803 1324 3880; baseline 0 -17"><span class='ocrx_word' id='word_1_252' title='bbox 189 3813 306 3863; x_wconf 80' lang='lat' dir='ltr'>XXXIX.</span> <span class='ocrx_word' id='word_1_253' title='bbox 324 3813 447 3879; x_wconf 75' lang='lat' dir='ltr'>Iosephus</span> <span class='ocrx_word' id='word_1_254' title='bbox 459 3817 542 3864; x_wconf 79' lang='lat' dir='ltr'>autem</span> <span class='ocrx_word' id='word_1_255' title='bbox 554 3831 571 3863; x_wconf 82' lang='lat' dir='ltr'>a</span> <span class='ocrx_word' id='word_1_256' title='bbox 582 3830 663 3878; x_wconf 65' lang='lat' dir='ltr'>repe·</span> <span class='ocrx_word' id='word_1_257' title='bbox 677 3839 685 3851; x_wconf 94' lang='lat'><strong>·</strong></span> <span class='ocrx_word' id='word_1_258' title='bbox 696 3815 824 3878; x_wconf 67' lang='lat' dir='ltr'>perctarit:</span> <span class='ocrx_word' id='word_1_259' title='bbox 840 3814 880 3864; x_wconf 79' lang='lat' dir='ltr'>ite</span> <span class='ocrx_word' id='word_1_260' title='bbox 891 3815 932 3864; x_wconf 66' lang='grc' dir='ltr'>ΡΙ.</span> <span class='ocrx_word' id='word_1_261' title='bbox 944 3830 992 3879; x_wconf 88' lang='lat' dir='ltr'>pro</span> <span class='ocrx_word' id='word_1_262' title='bbox 1005 3819 1032 3865; x_wconf 79' lang='lat' dir='ltr'>et</span> <span class='ocrx_word' id='word_1_263' title='bbox 1043 3815 1166 3880; x_wconf 74' lang='lat' dir='ltr'>Ioseplm</span> <span class='ocrx_word' id='word_1_264' title='bbox 1176 3817 1238 3867; x_wconf 74' lang='lat' dir='ltr'>iram</span> <span class='ocrx_word' id='word_1_265' title='bbox 1247 3803 1324 3876; x_wconf 48' lang='lat' dir='ltr'>req&amp;</span> 
     </span>
     <span class='ocr_line' id='line_1_32' title="bbox 120 3898 947 3965; baseline 0.001 -15"><span class='ocrx_word' id='word_1_266' title='bbox 120 3905 231 3950; x_wconf 70' lang='lat' dir='ltr'>melaena</span> <span class='ocrx_word' id='word_1_267' title='bbox 243 3901 391 3949; x_wconf 70' lang='lat' dir='ltr'>incoenatus</span> <span class='ocrx_word' id='word_1_268' title='bbox 402 3898 552 3959; x_wconf 75' lang='lat' dir='ltr'>dormiebat,</span> <span class='ocrx_word' id='word_1_269' title='bbox 565 3917 620 3949; x_wconf 82' lang='lat' dir='ltr'>cum</span> <span class='ocrx_word' id='word_1_270' title='bbox 632 3900 697 3949; x_wconf 69' lang='lat' dir='ltr'>nihil</span> <span class='ocrx_word' id='word_1_271' title='bbox 709 3901 808 3951; x_wconf 73' lang='lat' dir='ltr'>omnino</span> <span class='ocrx_word' id='word_1_272' title='bbox 818 3905 947 3965; x_wconf 68' lang='lat' dir='ltr'>perterret</span> 
     </span>
    </p>

    <p class='ocr_par' dir='ltr' id='par_1_6' title="bbox 120 3983 1337 4223">
     <span class='ocr_line' id='line_1_33' title="bbox 189 3983 1331 4051; baseline 0 -17"><span class='ocrx_word' id='word_1_273' title='bbox 189 3986 275 4049; x_wconf 68' lang='lat' dir='ltr'>Iss&#39;qnn</span> <span class='ocrx_word' id='word_1_274' title='bbox 285 3990 369 4035; x_wconf 81' lang='lat' dir='ltr'>autem</span> <span class='ocrx_word' id='word_1_275' title='bbox 380 3985 454 4035; x_wconf 71' lang='lat' dir='ltr'>illices</span> <span class='ocrx_word' id='word_1_276' title='bbox 465 3985 526 4035; x_wconf 74' lang='lat' dir='ltr'>solii</span> <span class='ocrx_word' id='word_1_277' title='bbox 538 3991 595 4037; x_wconf 75' lang='lat' dir='ltr'>etct</span> <span class='ocrx_word' id='word_1_278' title='bbox 614 3986 653 4036; x_wconf 81' lang='lat' dir='ltr'>ita</span> <span class='ocrx_word' id='word_1_279' title='bbox 666 3986 706 4036; x_wconf 65' lang='lat'>1²1.</span> <span class='ocrx_word' id='word_1_280' title='bbox 730 3987 809 4051; x_wconf 78' lang='lat' dir='ltr'>Apud</span> <span class='ocrx_word' id='word_1_281' title='bbox 823 3986 879 4036; x_wconf 73' lang='lat' dir='ltr'>silr.</span> <span class='ocrx_word' id='word_1_282' title='bbox 898 3993 927 4038; x_wconf 89' lang='lat' dir='ltr'>et</span> <span class='ocrx_word' id='word_1_283' title='bbox 939 3988 1011 4037; x_wconf 83' lang='lat' dir='ltr'>Thil.</span> <span class='ocrx_word' id='word_1_284' title='bbox 1029 3994 1072 4039; x_wconf 81' lang='lat' dir='ltr'>est</span> <span class='ocrx_word' id='word_1_285' title='bbox 1085 3989 1245 4039; x_wconf 58' lang='lat' dir='ltr'>ramme:</span> <span class='ocrx_word' id='word_1_286' title='bbox 1254 3983 1331 4034; x_wconf 59' lang='lat' dir='ltr'>vesi</span> 
     </span>
     <span class='ocr_line' id='line_1_34' title="bbox 120 4066 1337 4141; baseline 0.005 -21"><span class='ocrx_word' id='word_1_287' title='bbox 120 4076 178 4121; x_wconf 77' lang='lat' dir='ltr'>erat</span> <span class='ocrx_word' id='word_1_288' title='bbox 189 4071 280 4121; x_wconf 70' lang='lat' dir='ltr'>solium</span> <span class='ocrx_word' id='word_1_289' title='bbox 291 4073 337 4121; x_wconf 77' lang='lat' dir='ltr'>boc</span> <span class='ocrx_word' id='word_1_290' title='bbox 349 4087 381 4120; x_wconf 74' lang='lat' dir='ltr'>ee</span> <span class='ocrx_word' id='word_1_291' title='bbox 393 4071 463 4135; x_wconf 66' lang='lat' dir='ltr'>lipsa</span> <span class='ocrx_word' id='word_1_292' title='bbox 474 4071 523 4121; x_wconf 76' lang='lat' dir='ltr'>illo</span> <span class='ocrx_word' id='word_1_293' title='bbox 535 4073 603 4137; x_wconf 71' lang='lat' dir='ltr'>quod</span> <span class='ocrx_word' id='word_1_294' title='bbox 614 4073 750 4122; x_wconf 64' lang='lat' dir='ltr'>exstiterat</span> <span class='ocrx_word' id='word_1_295' title='bbox 762 4077 873 4135; x_wconf 78' lang='lat' dir='ltr'>tempore</span> <span class='ocrx_word' id='word_1_296' title='bbox 886 4073 1040 4133; x_wconf 72' lang='lat' dir='ltr'>Salomonis,</span> <span class='ocrx_word' id='word_1_297' title='bbox 1057 4073 1236 4141; x_wconf 69' lang='lat' dir='ltr'>Daotdieflb&#39;t&#39;.</span> <span class='ocrx_word' id='word_1_298' title='bbox 1246 4066 1337 4134; x_wconf 61' lang='lat' dir='ltr'><em>W</em></span> 
     </span>
     <span class='ocr_line' id='line_1_35' title="bbox 120 4157 695 4223; baseline 0.002 -17"><span class='ocrx_word' id='word_1_299' title='bbox 120 4157 219 4206; x_wconf 77' lang='lat' dir='ltr'>scilicet</span> <span class='ocrx_word' id='word_1_300' title='bbox 229 4158 415 4222; x_wconf 65' lang='lat' dir='ltr'>carileforme&#39;e</span> <span class='ocrx_word' id='word_1_301' title='bbox 427 4157 555 4223; x_wconf 69' lang='lat' dir='ltr'>etfiqars&#39;r</span> <span class='ocrx_word' id='word_1_302' title='bbox 567 4159 695 4222; x_wconf 70' lang='lat' dir='ltr'>ineipnito.</span> 
     </span>
    </p>

    <p class='ocr_par' dir='ltr' id='par_1_7' title="bbox 115 4232 1351 4402">
     <span class='ocr_line' id='line_1_36' title="bbox 188 4232 1347 4312; baseline 0.005 -20"><span class='ocrx_word' id='word_1_303' title='bbox 188 4242 242 4292; x_wconf 85' lang='lat' dir='ltr'>xn.</span> <span class='ocrx_word' id='word_1_304' title='bbox 263 4242 430 4304; x_wconf 66' lang='lat' dir='ltr'>rumpam-</span> <span class='ocrx_word' id='word_1_305' title='bbox 444 4268 453 4280; x_wconf 86' lang='lat'><strong>·</strong></span> <span class='ocrx_word' id='word_1_306' title='bbox 466 4245 595 4293; x_wconf 64' lang='lat' dir='ltr'>samso</span> <span class='ocrx_word' id='word_1_307' title='bbox 611 4244 651 4294; x_wconf 65' lang='lat' dir='ltr'>a.</span> <span class='ocrx_word' id='word_1_308' title='bbox 663 4244 718 4304; x_wconf 66' lang='lat' dir='ltr'>ru,</span> <span class='ocrx_word' id='word_1_309' title='bbox 738 4232 1347 4312; x_wconf 62' lang='lat' dir='ltr'>ssu.0suu11.re00ssma09aaoant¹‘</span> 
     </span>
     <span class='ocr_line' id='line_1_37' title="bbox 115 4329 1351 4402; baseline 0.004 -25"><span class='ocrx_word' id='word_1_310' title='bbox 115 4331 193 4393; x_wconf 82' lang='lat' dir='ltr'>pueri</span> <span class='ocrx_word' id='word_1_311' title='bbox 204 4330 294 4378; x_wconf 73' lang='lat' dir='ltr'>haedis</span> <span class='ocrx_word' id='word_1_312' title='bbox 306 4329 402 4378; x_wconf 62' lang='lat' dir='ltr'>emtus</span> <span class='ocrx_word' id='word_1_313' title='bbox 1347 4391 1351 4402; x_wconf 30' lang='grc' dir='ltr'>ι</span> 
     </span>
    </p>

    <p class='ocr_par' dir='ltr' id='par_1_8' title="bbox 119 4393 1357 4567">
     <span class='ocr_line' id='line_1_38' title="bbox 188 4393 1357 4484; baseline 0.002 -20"><span class='ocrx_word' id='word_1_314' title='bbox 188 4430 301 4480; x_wconf 77' lang='lat' dir='ltr'>quaeqae</span> <span class='ocrx_word' id='word_1_315' title='bbox 310 4430 438 4479; x_wconf 59' lang='lat' dir='ltr'>nonquam</span> <span class='ocrx_word' id='word_1_316' title='bbox 450 4414 601 4465; x_wconf 74' lang='lat' dir='ltr'>dubitarunt</span> <span class='ocrx_word' id='word_1_317' title='bbox 613 4441 622 4453; x_wconf 92' lang='lat'><strong>·</strong></span> <span class='ocrx_word' id='word_1_318' title='bbox 636 4440 644 4452; x_wconf 93' lang='lat'>·</span> <span class='ocrx_word' id='word_1_319' title='bbox 662 4415 697 4466; x_wconf 69' lang='lat' dir='ltr'>aa</span> <span class='ocrx_word' id='word_1_320' title='bbox 704 4417 877 4480; x_wconf 73' lang='lat' dir='ltr'>perdendum:</span> <span class='ocrx_word' id='word_1_321' title='bbox 896 4419 937 4468; x_wconf 79' lang='lat' dir='ltr'>ite</span> <span class='ocrx_word' id='word_1_322' title='bbox 949 4417 990 4466; x_wconf 80' lang='lat' dir='ltr'>m.</span> <span class='ocrx_word' id='word_1_323' title='bbox 1003 4434 1052 4484; x_wconf 82' lang='lat' dir='ltr'>pro</span> <span class='ocrx_word' id='word_1_324' title='bbox 1065 4435 1129 4484; x_wconf 76' lang='lat' dir='ltr'>quoe</span> <span class='ocrx_word' id='word_1_325' title='bbox 1140 4419 1236 4469; x_wconf 62' lang='lat' dir='ltr'>minine</span> <span class='ocrx_word' id='word_1_326' title='bbox 1245 4393 1357 4466; x_wconf 52' lang='lat' dir='ltr'>ffb*</span> 
     </span>
     <span class='ocr_line' id='line_1_39' title="bbox 119 4498 1210 4567; baseline 0.005 -18"><span class='ocrx_word' id='word_1_327' title='bbox 119 4504 177 4550; x_wconf 78' lang='lat' dir='ltr'>tant</span> <span class='ocrx_word' id='word_1_328' title='bbox 188 4501 249 4565; x_wconf 73' lang='lat' dir='ltr'>quin</span> <span class='ocrx_word' id='word_1_329' title='bbox 260 4503 297 4557; x_wconf 73' lang='lat' dir='ltr'>ts,</span> <span class='ocrx_word' id='word_1_330' title='bbox 310 4514 325 4548; x_wconf 88' lang='lat' dir='ltr'>o</span> <span class='ocrx_word' id='word_1_331' title='bbox 338 4498 436 4549; x_wconf 70' lang='lat' dir='ltr'>domine</span> <span class='ocrx_word' id='word_1_332' title='bbox 447 4504 543 4559; x_wconf 66' lang='lat' dir='ltr'>nortem</span> <span class='ocrx_word' id='word_1_333' title='bbox 555 4501 590 4550; x_wconf 78' lang='lat' dir='ltr'>ad</span> <span class='ocrx_word' id='word_1_334' title='bbox 601 4502 752 4561; x_wconf 71' lang='lat' dir='ltr'>concedam,</span> <span class='ocrx_word' id='word_1_335' title='bbox 764 4518 815 4553; x_wconf 70' lang='lat' dir='ltr'>soe</span> <span class='ocrx_word' id='word_1_336' title='bbox 826 4519 886 4554; x_wconf 78' lang='lat' dir='ltr'>cero</span> <span class='ocrx_word' id='word_1_337' title='bbox 898 4504 934 4553; x_wconf 75' lang='lat' dir='ltr'>od</span> <span class='ocrx_word' id='word_1_338' title='bbox 942 4504 1102 4567; x_wconf 68' lang='lat' dir='ltr'>perdendum</span> <span class='ocrx_word' id='word_1_339' title='bbox 1112 4506 1210 4555; x_wconf 72' lang='lat' dir='ltr'>oemio</span> 
     </span>
    </p>
   </div>
   <div class='ocr_carea' id='block_1_6' title="bbox 0 0 1444 5062">
    <p class='ocr_par' dir='ltr' id='par_1_9' title="bbox 0 0 1444 5062">
     <span class='ocr_line' id='line_1_40' title="bbox 0 0 1444 5062; baseline 0 2"><span class='ocrx_word' id='word_1_340' title='bbox 0 0 1444 5062; x_wconf 95' lang='lat' dir='ltr'> </span> 
     </span>
    </p>
   </div>
  </div>
 </body>
</html>
