<?xml version="1.0" encoding="UTF-8"?>
<!DOCTYPE html PUBLIC "-//W3C//DTD XHTML 1.0 Transitional//EN"
    "http://www.w3.org/TR/xhtml1/DTD/xhtml1-transitional.dtd">
<html xmlns="http://www.w3.org/1999/xhtml" xml:lang="en" lang="en">
 <head>
  <title>
</title>
<meta http-equiv="Content-Type" content="text/html;charset=utf-8" />
  <meta name='ocr-system' content='tesseract 3.04.00' />
  <meta name='ocr-capabilities' content='ocr_page ocr_carea ocr_par ocr_line ocrx_word'/>
</head>
<body>
  <div class='ocr_page' id='page_1' title='image "./evangeliaapocry01tiscgoog_0052.png"; bbox 0 0 2880 5062; ppageno 0'>
   <div class='ocr_carea' id='block_1_1' title="bbox 530 384 1268 446">
    <p class='ocr_par' dir='ltr' id='par_1_1' title="bbox 530 384 1268 446">
     <span class='ocr_line' id='line_1_1' title="bbox 530 384 1268 446; baseline 0.007 -12"><span class='ocrx_word' id='word_1_1' title='bbox 530 384 802 436; x_wconf 78' lang='lat' dir='ltr'>PROLEGOMENA.</span> <span class='ocrx_word' id='word_1_2' title='bbox 1196 403 1268 446; x_wconf 71' lang='lat' dir='ltr'><strong>xm</strong></span> 
     </span>
    </p>
   </div>
   <div class='ocr_carea' id='block_1_2' title="bbox 112 529 1268 1177">
    <p class='ocr_par' dir='ltr' id='par_1_2' title="bbox 172 529 1267 731">
     <span class='ocr_line' id='line_1_2' title="bbox 172 529 1267 622; baseline -0.005 -20"><span class='ocrx_word' id='word_1_3' title='bbox 172 542 329 622; x_wconf 71' lang='grc' dir='ltr'>ωαῐςααμ,</span> <span class='ocrx_word' id='word_1_4' title='bbox 362 531 504 599; x_wconf 58' lang='lat' dir='ltr'><strong>(initiate</strong></span> <span class='ocrx_word' id='word_1_5' title='bbox 536 529 745 619; x_wconf 67' lang='grc' dir='ltr'>ωαραχρῇμα</span> <span class='ocrx_word' id='word_1_6' title='bbox 777 539 826 597; x_wconf 78' lang='grc' dir='ltr'><strong>καὶ</strong></span> <span class='ocrx_word' id='word_1_7' title='bbox 858 533 1048 620; x_wconf 51' lang='lat' dir='ltr'><strong>duria-geme</strong></span> <span class='ocrx_word' id='word_1_8' title='bbox 1078 530 1131 619; x_wconf 81' lang='grc' dir='ltr'>τῷ</span> <span class='ocrx_word' id='word_1_9' title='bbox 1161 540 1267 619; x_wconf 82' lang='grc' dir='ltr'>ωατρῑ</span> 
     </span>
     <span class='ocr_line' id='line_1_3' title="bbox 173 645 512 731; baseline -0.006 -17"><span class='ocrx_word' id='word_1_10' title='bbox 173 645 280 714; x_wconf 78' lang='grc' dir='ltr'>αὐτοῦ</span> <span class='ocrx_word' id='word_1_11' title='bbox 294 647 426 731; x_wconf 71' lang='grc' dir='ltr'>Ἰωσήφ</span> <span class='ocrx_word' id='word_1_12' title='bbox 451 654 512 712; x_wconf 87' lang='lat' dir='ltr'><strong>etc.</strong></span> 
     </span>
    </p>

    <p class='ocr_par' dir='ltr' id='par_1_3' title="bbox 112 757 1268 1177">
     <span class='ocr_line' id='line_1_4' title="bbox 112 757 1268 844; baseline -0.004 -18"><span class='ocrx_word' id='word_1_13' title='bbox 112 763 147 844; x_wconf 73' lang='lat' dir='ltr'><strong>b)</strong></span> <span class='ocrx_word' id='word_1_14' title='bbox 171 761 326 829; x_wconf 79' lang='lat' dir='ltr'><strong>Accessit</strong></span> <span class='ocrx_word' id='word_1_15' title='bbox 352 760 395 824; x_wconf 91' lang='lat' dir='ltr'><strong>ad</strong></span> <span class='ocrx_word' id='word_1_16' title='bbox 422 758 583 823; x_wconf 83' lang='lat' dir='ltr'><strong>infantem</strong></span> <span class='ocrx_word' id='word_1_17' title='bbox 610 757 679 822; x_wconf 92' lang='lat' dir='ltr'><strong>ihm</strong></span> <span class='ocrx_word' id='word_1_18' title='bbox 708 762 741 821; x_wconf 90' lang='lat' dir='ltr'><strong>et</strong></span> <span class='ocrx_word' id='word_1_19' title='bbox 772 757 928 822; x_wconf 88' lang='lat' dir='ltr'><strong>monebat</strong></span> <span class='ocrx_word' id='word_1_20' title='bbox 957 757 1050 821; x_wconf 90' lang='lat' dir='ltr'><strong>illum</strong></span> <span class='ocrx_word' id='word_1_21' title='bbox 1078 758 1189 823; x_wconf 90' lang='lat' dir='ltr'><strong>dicens</strong></span> <span class='ocrx_word' id='word_1_22' title='bbox 1222 757 1268 823; x_wconf 92' lang='lat' dir='ltr'><strong>Ut</strong></span> 
     </span>
     <span class='ocr_line' id='line_1_5' title="bbox 173 867 1267 955; baseline -0.005 -18"><span class='ocrx_word' id='word_1_23' title='bbox 173 872 253 955; x_wconf 91' lang='lat' dir='ltr'><strong>quid</strong></span> <span class='ocrx_word' id='word_1_24' title='bbox 274 872 336 937; x_wconf 90' lang='lat' dir='ltr'><strong>hec</strong></span> <span class='ocrx_word' id='word_1_25' title='bbox 358 871 450 952; x_wconf 85' lang='lat' dir='ltr'><strong>facis,</strong></span> <span class='ocrx_word' id='word_1_26' title='bbox 474 877 508 934; x_wconf 87' lang='lat' dir='ltr'><strong>et</strong></span> <span class='ocrx_word' id='word_1_27' title='bbox 528 870 642 935; x_wconf 88' lang='lat' dir='ltr'><strong>dolent</strong></span> <span class='ocrx_word' id='word_1_28' title='bbox 662 869 720 933; x_wconf 89' lang='lat' dir='ltr'><strong>isti</strong></span> <span class='ocrx_word' id='word_1_29' title='bbox 743 873 777 933; x_wconf 92' lang='lat' dir='ltr'><strong>et</strong></span> <span class='ocrx_word' id='word_1_30' title='bbox 800 867 917 933; x_wconf 91' lang='lat' dir='ltr'><strong>odiunt</strong></span> <span class='ocrx_word' id='word_1_31' title='bbox 938 890 1006 933; x_wconf 89' lang='lat' dir='ltr'><strong>nus.</strong></span> <span class='ocrx_word' id='word_1_32' title='bbox 1051 869 1098 933; x_wconf 85' lang='lat' dir='ltr'><strong>Et</strong></span> <span class='ocrx_word' id='word_1_33' title='bbox 1113 870 1196 934; x_wconf 80' lang='lat' dir='ltr'><strong>dixit</strong></span> <span class='ocrx_word' id='word_1_34' title='bbox 1218 870 1267 933; x_wconf 93' lang='lat' dir='ltr'><strong>in-</strong></span> 
     </span>
     <span class='ocr_line' id='line_1_6' title="bbox 173 968 1267 1064; baseline -0.004 -16"><span class='ocrx_word' id='word_1_35' title='bbox 173 984 247 1048; x_wconf 81' lang='lat' dir='ltr'><strong>fans</strong></span> <span class='ocrx_word' id='word_1_36' title='bbox 264 968 317 1047; x_wconf 85' lang='lat' dir='ltr'><strong>ibs</strong></span> <span class='ocrx_word' id='word_1_37' title='bbox 340 982 377 1048; x_wconf 84' lang='lat' dir='ltr'><strong>Si</strong></span> <span class='ocrx_word' id='word_1_38' title='bbox 400 1003 468 1047; x_wconf 85' lang='lat' dir='ltr'><strong>nun</strong></span> <span class='ocrx_word' id='word_1_39' title='bbox 496 982 663 1064; x_wconf 88' lang='lat' dir='ltr'><strong>sapientes</strong></span> <span class='ocrx_word' id='word_1_40' title='bbox 693 984 788 1044; x_wconf 89' lang='lat' dir='ltr'><strong>erant</strong></span> <span class='ocrx_word' id='word_1_41' title='bbox 815 1000 983 1044; x_wconf 83' lang='lat' dir='ltr'>sermones</span> <span class='ocrx_word' id='word_1_42' title='bbox 1004 1017 1044 1031; x_wconf 88' lang='lat'><strong>-·</strong></span> <span class='ocrx_word' id='word_1_43' title='bbox 1075 979 1123 1046; x_wconf 82' lang='lat' dir='ltr'><strong>Of.</strong></span> <span class='ocrx_word' id='word_1_44' title='bbox 1145 981 1267 1045; x_wconf 85' lang='lat' dir='ltr'><strong>ibidem</strong></span> 
     </span>
     <span class='ocr_line' id='line_1_7' title="bbox 174 1090 1261 1177; baseline -0.007 -16"><span class='ocrx_word' id='word_1_45' title='bbox 174 1095 221 1177; x_wconf 84' lang='lat' dir='ltr'><strong>V,</strong></span> <span class='ocrx_word' id='word_1_46' title='bbox 246 1098 273 1160; x_wconf 90' lang='lat' dir='ltr'><strong>l.</strong></span> <span class='ocrx_word' id='word_1_47' title='bbox 313 1097 380 1157; x_wconf 80' lang='grc' dir='ltr'><strong>Καὶ</strong></span> <span class='ocrx_word' id='word_1_48' title='bbox 409 1091 745 1177; x_wconf 80' lang='grc' dir='ltr'>ωροσκαλεσὰμεμοσ</span> <span class='ocrx_word' id='word_1_49' title='bbox 775 1090 941 1175; x_wconf 68' lang='grc' dir='ltr'>ὂἹωσὲῲ</span> <span class='ocrx_word' id='word_1_50' title='bbox 967 1090 1009 1154; x_wconf 86' lang='grc' dir='ltr'><strong>τὸ</strong></span> <span class='ocrx_word' id='word_1_51' title='bbox 1032 1094 1166 1174; x_wconf 66' lang='lat' dir='ltr'><strong>mundiori</strong></span> <span class='ocrx_word' id='word_1_52' title='bbox 1192 1091 1261 1154; x_wconf 88' lang='grc' dir='ltr'>κατ’</span> 
     </span>
    </p>
   </div>
   <div class='ocr_carea' id='block_1_3' title="bbox 174 1194 1339 1291">
    <p class='ocr_par' dir='ltr' id='par_1_4' title="bbox 174 1194 1339 1291">
     <span class='ocr_line' id='line_1_8' title="bbox 174 1194 1339 1291; baseline -0.004 -21"><span class='ocrx_word' id='word_1_53' title='bbox 174 1209 257 1290; x_wconf 69' lang='lat' dir='ltr'><strong>tutan</strong></span> <span class='ocrx_word' id='word_1_54' title='bbox 282 1207 453 1291; x_wconf 81' lang='grc' dir='ltr'>ἑμουθέτει</span> <span class='ocrx_word' id='word_1_55' title='bbox 478 1203 580 1287; x_wconf 80' lang='grc' dir='ltr'>αὖτὸμ</span> <span class='ocrx_word' id='word_1_56' title='bbox 605 1203 813 1288; x_wconf 76' lang='grc' dir='ltr'>λέγωμἽμα</span> <span class='ocrx_word' id='word_1_57' title='bbox 834 1206 867 1265; x_wconf 77' lang='grc' dir='ltr'><strong>τί</strong></span> <span class='ocrx_word' id='word_1_58' title='bbox 890 1197 1032 1266; x_wconf 78' lang='grc' dir='ltr'>τοιαῦτα</span> <span class='ocrx_word' id='word_1_59' title='bbox 1060 1202 1268 1288; x_wconf 76' lang='grc' dir='ltr'>κατεργάζει,</span> <span class='ocrx_word' id='word_1_60' title='bbox 1334 1194 1339 1204; x_wconf 62' lang='grc'>’</span> 
     </span>
    </p>
   </div>
   <div class='ocr_carea' id='block_1_4' title="bbox 87 1309 1379 4516">
    <p class='ocr_par' dir='ltr' id='par_1_5' title="bbox 176 1309 1270 1731">
     <span class='ocr_line' id='line_1_9' title="bbox 177 1309 1269 1400; baseline -0.004 -20"><span class='ocrx_word' id='word_1_61' title='bbox 177 1323 226 1381; x_wconf 74' lang='grc' dir='ltr'><strong>καὶ</strong></span> <span class='ocrx_word' id='word_1_62' title='bbox 255 1317 452 1400; x_wconf 79' lang='grc' dir='ltr'>ωάσχουσιμ</span> <span class='ocrx_word' id='word_1_63' title='bbox 484 1313 575 1379; x_wconf 79' lang='grc' dir='ltr'>οὗτοι</span> <span class='ocrx_word' id='word_1_64' title='bbox 609 1319 658 1377; x_wconf 78' lang='grc' dir='ltr'><strong>καὶ</strong></span> <span class='ocrx_word' id='word_1_65' title='bbox 691 1309 840 1398; x_wconf 77' lang='grc' dir='ltr'>μισοῦσιμ</span> <span class='ocrx_word' id='word_1_66' title='bbox 874 1309 964 1397; x_wconf 65' lang='lat' dir='ltr'><strong>undo</strong></span> <span class='ocrx_word' id='word_1_67' title='bbox 995 1319 1045 1378; x_wconf 83' lang='grc' dir='ltr'><strong>καὶ</strong></span> <span class='ocrx_word' id='word_1_68' title='bbox 1077 1317 1269 1398; x_wconf 85' lang='grc' dir='ltr'>διώκουσιμ;</span> 
     </span>
     <span class='ocr_line' id='line_1_10' title="bbox 177 1420 1268 1511; baseline -0.003 -21"><span class='ocrx_word' id='word_1_69' title='bbox 177 1433 258 1491; x_wconf 71' lang='lat' dir='ltr'><strong>etms</strong></span> <span class='ocrx_word' id='word_1_70' title='bbox 283 1430 320 1490; x_wconf 81' lang='grc' dir='ltr'><strong>δὲ</strong></span> <span class='ocrx_word' id='word_1_71' title='bbox 344 1422 515 1496; x_wconf 75' lang='grc' dir='ltr'>ὂἸΗσοῦσ,</span> <span class='ocrx_word' id='word_1_72' title='bbox 531 1426 640 1511; x_wconf 76' lang='grc' dir='ltr'><strong>Ἐγὼ</strong></span> <span class='ocrx_word' id='word_1_73' title='bbox 665 1428 738 1489; x_wconf 77' lang='grc' dir='ltr'>οῖδα</span> <span class='ocrx_word' id='word_1_74' title='bbox 766 1425 814 1488; x_wconf 74' lang='grc' dir='ltr'><strong>ὅτι</strong></span> <span class='ocrx_word' id='word_1_75' title='bbox 838 1424 883 1488; x_wconf 80' lang='grc' dir='ltr'><strong>τὰ</strong></span> <span class='ocrx_word' id='word_1_76' title='bbox 911 1425 1042 1510; x_wconf 65' lang='grc' dir='ltr'>ῥήματά</span> <span class='ocrx_word' id='word_1_77' title='bbox 1069 1449 1131 1489; x_wconf 88' lang='grc' dir='ltr'><strong>σου</strong></span> <span class='ocrx_word' id='word_1_78' title='bbox 1157 1420 1268 1488; x_wconf 81' lang='grc' dir='ltr'>ταῦτα</span> 
     </span>
     <span class='ocr_line' id='line_1_11' title="bbox 177 1535 1270 1622; baseline -0.001 -20"><span class='ocrx_word' id='word_1_79' title='bbox 177 1539 235 1603; x_wconf 80' lang='grc' dir='ltr'><strong>οὐκ</strong></span> <span class='ocrx_word' id='word_1_80' title='bbox 257 1543 339 1622; x_wconf 70' lang='lat' dir='ltr'><strong>strip</strong></span> <span class='ocrx_word' id='word_1_81' title='bbox 364 1537 410 1600; x_wconf 79' lang='grc' dir='ltr'><strong>σά</strong></span> <span class='ocrx_word' id='word_1_82' title='bbox 438 1544 499 1602; x_wconf 89' lang='lat' dir='ltr'><strong>etc.</strong></span> <span class='ocrx_word' id='word_1_83' title='bbox 543 1536 811 1602; x_wconf 86' lang='lat' dir='ltr'><strong>Pseudo-Matth.</strong></span> <span class='ocrx_word' id='word_1_84' title='bbox 833 1535 974 1601; x_wconf 85' lang='lat' dir='ltr'>XXIX</span> <span class='ocrx_word' id='word_1_85' title='bbox 1008 1537 1134 1619; x_wconf 79' lang='lat' dir='ltr'><strong>Erang.</strong></span> <span class='ocrx_word' id='word_1_86' title='bbox 1154 1535 1270 1601; x_wconf 78' lang='lat' dir='ltr'><strong>Thom.</strong></span> 
     </span>
     <span class='ocr_line' id='line_1_12' title="bbox 176 1648 384 1731; baseline -0.01 -17"><span class='ocrx_word' id='word_1_87' title='bbox 176 1649 267 1714; x_wconf 84' lang='lat' dir='ltr'><strong>latin.</strong></span> <span class='ocrx_word' id='word_1_88' title='bbox 291 1648 332 1731; x_wconf 88' lang='lat' dir='ltr'><strong>V,</strong></span> <span class='ocrx_word' id='word_1_89' title='bbox 354 1651 384 1713; x_wconf 82' lang='lat'><strong>2.</strong></span> 
     </span>
    </p>

    <p class='ocr_par' dir='ltr' id='par_1_6' title="bbox 121 1757 1379 3065">
     <span class='ocr_line' id='line_1_13' title="bbox 121 1757 1271 1846; baseline -0.001 -20"><span class='ocrx_word' id='word_1_90' title='bbox 121 1769 151 1846; x_wconf 79' lang='lat' dir='ltr'><strong>c)</strong></span> <span class='ocrx_word' id='word_1_91' title='bbox 176 1761 274 1845; x_wconf 85' lang='lat' dir='ltr'><strong>Rogo</strong></span> <span class='ocrx_word' id='word_1_92' title='bbox 304 1782 373 1826; x_wconf 83' lang='lat' dir='ltr'><strong>vos.</strong></span> <span class='ocrx_word' id='word_1_93' title='bbox 425 1758 504 1825; x_wconf 91' lang='lat' dir='ltr'><strong>Non</strong></span> <span class='ocrx_word' id='word_1_94' title='bbox 538 1763 654 1845; x_wconf 75' lang='lat' dir='ltr'><strong>(potius</strong></span> <span class='ocrx_word' id='word_1_95' title='bbox 680 1757 806 1841; x_wconf 71' lang='lat' dir='ltr'><strong>NumP)</strong></span> <span class='ocrx_word' id='word_1_96' title='bbox 839 1759 935 1825; x_wconf 76' lang='lat' dir='ltr'><strong>deret</strong></span> <span class='ocrx_word' id='word_1_97' title='bbox 966 1760 1020 1824; x_wconf 90' lang='lat' dir='ltr'><strong>hic</strong></span> <span class='ocrx_word' id='word_1_98' title='bbox 1051 1781 1149 1842; x_wconf 90' lang='lat' dir='ltr'><strong>super</strong></span> <span class='ocrx_word' id='word_1_99' title='bbox 1180 1766 1271 1826; x_wconf 89' lang='lat' dir='ltr'><strong>terra</strong></span> 
     </span>
     <span class='ocr_line' id='line_1_14' title="bbox 179 1871 1271 1955; baseline -0.002 -17"><span class='ocrx_word' id='word_1_100' title='bbox 179 1894 256 1938; x_wconf 87' lang='lat' dir='ltr'><strong>esse.</strong></span> <span class='ocrx_word' id='word_1_101' title='bbox 308 1872 377 1936; x_wconf 92' lang='lat' dir='ltr'><strong>Hic</strong></span> <span class='ocrx_word' id='word_1_102' title='bbox 407 1891 485 1936; x_wconf 82' lang='lat' dir='ltr'><strong>vero</strong></span> <span class='ocrx_word' id='word_1_103' title='bbox 517 1892 656 1953; x_wconf 89' lang='lat' dir='ltr'><strong>magnae</strong></span> <span class='ocrx_word' id='word_1_104' title='bbox 687 1871 794 1936; x_wconf 88' lang='lat' dir='ltr'><strong>crucis</strong></span> <span class='ocrx_word' id='word_1_105' title='bbox 826 1871 944 1954; x_wconf 90' lang='lat' dir='ltr'><strong>dignus</strong></span> <span class='ocrx_word' id='word_1_106' title='bbox 977 1876 1043 1937; x_wconf 87' lang='lat' dir='ltr'><strong>est:</strong></span> <span class='ocrx_word' id='word_1_107' title='bbox 1076 1872 1130 1937; x_wconf 90' lang='lat' dir='ltr'><strong>hic</strong></span> <span class='ocrx_word' id='word_1_108' title='bbox 1160 1876 1271 1955; x_wconf 88' lang='lat' dir='ltr'><strong>potest</strong></span> 
     </span>
     <span class='ocr_line' id='line_1_15' title="bbox 179 1982 1271 2067; baseline -0.002 -18"><span class='ocrx_word' id='word_1_109' title='bbox 179 1985 264 2049; x_wconf 88' lang='lat' dir='ltr'><strong>enim</strong></span> <span class='ocrx_word' id='word_1_110' title='bbox 296 1984 406 2067; x_wconf 84' lang='lat' dir='ltr'><strong>ignem</strong></span> <span class='ocrx_word' id='word_1_111' title='bbox 437 1983 640 2065; x_wconf 80' lang='lat' dir='ltr'><strong>extinguere.</strong></span> <span class='ocrx_word' id='word_1_112' title='bbox 692 1983 781 2047; x_wconf 90' lang='lat' dir='ltr'><strong>Puto</strong></span> <span class='ocrx_word' id='word_1_113' title='bbox 813 1983 867 2047; x_wconf 91' lang='lat' dir='ltr'><strong>hic</strong></span> <span class='ocrx_word' id='word_1_114' title='bbox 898 1987 975 2047; x_wconf 88' lang='lat' dir='ltr'><strong>ante</strong></span> <span class='ocrx_word' id='word_1_115' title='bbox 997 2020 1041 2032; x_wconf 93' lang='lat'><strong>·-</strong></span> <span class='ocrx_word' id='word_1_116' title='bbox 1078 1982 1126 2050; x_wconf 80' lang='lat' dir='ltr'><strong>cf.</strong></span> <span class='ocrx_word' id='word_1_117' title='bbox 1148 1984 1271 2048; x_wconf 89' lang='lat' dir='ltr'><strong>ibidem</strong></span> 
     </span>
     <span class='ocr_line' id='line_1_16' title="bbox 178 2086 1271 2179; baseline -0.004 -17"><span class='ocrx_word' id='word_1_118' title='bbox 178 2095 259 2176; x_wconf 85' lang='lat' dir='ltr'>VII,</span> <span class='ocrx_word' id='word_1_119' title='bbox 282 2098 311 2161; x_wconf 82' lang='lat'><strong>2.</strong></span> <span class='ocrx_word' id='word_1_120' title='bbox 343 2086 454 2179; x_wconf 61' lang='grc' dir='ltr'><strong>θλρομ</strong></span> <span class='ocrx_word' id='word_1_121' title='bbox 479 2086 538 2178; x_wconf 78' lang='grc' dir='ltr'><strong>οῧμ</strong></span> <span class='ocrx_word' id='word_1_122' title='bbox 561 2093 655 2168; x_wconf 75' lang='grc' dir='ltr'>αὐτό,</span> <span class='ocrx_word' id='word_1_123' title='bbox 680 2101 877 2178; x_wconf 73' lang='grc' dir='ltr'>ωαρακαλῶ</span> <span class='ocrx_word' id='word_1_124' title='bbox 902 2118 952 2168; x_wconf 86' lang='grc' dir='ltr'><strong>σε,</strong></span> <span class='ocrx_word' id='word_1_125' title='bbox 977 2094 1108 2178; x_wconf 73' lang='grc' dir='ltr'>ἁδελῲὲ</span> <span class='ocrx_word' id='word_1_126' title='bbox 1124 2095 1271 2179; x_wconf 67' lang='grc' dir='ltr'>Ἰωσὴφ·</span> 
     </span>
     <span class='ocr_line' id='line_1_17' title="bbox 180 2201 1271 2291; baseline 0 -21"><span class='ocrx_word' id='word_1_127' title='bbox 180 2207 218 2270; x_wconf 79' lang='grc' dir='ltr'><strong>οὐ</strong></span> <span class='ocrx_word' id='word_1_128' title='bbox 240 2211 337 2290; x_wconf 74' lang='grc' dir='ltr'>φέρω</span> <span class='ocrx_word' id='word_1_129' title='bbox 361 2243 376 2256; x_wconf 86' lang='grc'><em>·</em></span> <span class='ocrx_word' id='word_1_130' title='bbox 393 2243 408 2256; x_wconf 91' lang='grc'><strong>-</strong></span> <span class='ocrx_word' id='word_1_131' title='bbox 432 2207 537 2288; x_wconf 57' lang='lat' dir='ltr'><strong>durna.</strong></span> <span class='ocrx_word' id='word_1_132' title='bbox 573 2201 677 2269; x_wconf 79' lang='grc' dir='ltr'>τοῦτο</span> <span class='ocrx_word' id='word_1_133' title='bbox 702 2204 743 2268; x_wconf 90' lang='grc' dir='ltr'><strong>τὸ</strong></span> <span class='ocrx_word' id='word_1_134' title='bbox 766 2208 902 2289; x_wconf 68' lang='lat' dir='ltr'><strong>martion</strong></span> <span class='ocrx_word' id='word_1_135' title='bbox 925 2205 1084 2291; x_wconf 65' lang='grc' dir='ltr'>γΗγεμὲσ</span> <span class='ocrx_word' id='word_1_136' title='bbox 1106 2205 1163 2269; x_wconf 79' lang='grc' dir='ltr'><strong>οὐκ</strong></span> <span class='ocrx_word' id='word_1_137' title='bbox 1187 2213 1271 2282; x_wconf 75' lang='grc' dir='ltr'>ἔστι,</span> 
     </span>
     <span class='ocr_line' id='line_1_18' title="bbox 179 2311 1274 2401; baseline 0 -21"><span class='ocrx_word' id='word_1_138' title='bbox 179 2313 280 2381; x_wconf 79' lang='grc' dir='ltr'>τοῦτο</span> <span class='ocrx_word' id='word_1_139' title='bbox 315 2316 451 2401; x_wconf 80' lang='grc' dir='ltr'>δύμαται</span> <span class='ocrx_word' id='word_1_140' title='bbox 480 2321 529 2380; x_wconf 81' lang='grc' dir='ltr'><strong>καὶ</strong></span> <span class='ocrx_word' id='word_1_141' title='bbox 559 2311 628 2400; x_wconf 76' lang='grc' dir='ltr'><strong>ωὖρ</strong></span> <span class='ocrx_word' id='word_1_142' title='bbox 659 2316 819 2399; x_wconf 80' lang='grc' dir='ltr'>δαμάσαι·</span> <span class='ocrx_word' id='word_1_143' title='bbox 864 2316 956 2401; x_wconf 79' lang='grc' dir='ltr'>τάχα</span> <span class='ocrx_word' id='word_1_144' title='bbox 982 2313 1088 2380; x_wconf 80' lang='grc' dir='ltr'>τοῦτο</span> <span class='ocrx_word' id='word_1_145' title='bbox 1114 2316 1184 2401; x_wconf 82' lang='grc' dir='ltr'><strong>ωρὸ</strong></span> <span class='ocrx_word' id='word_1_146' title='bbox 1207 2313 1274 2380; x_wconf 67' lang='lat' dir='ltr'><strong>mic</strong></span> 
     </span>
     <span class='ocr_line' id='line_1_19' title="bbox 182 2428 1272 2512; baseline 0.002 -22"><span class='ocrx_word' id='word_1_147' title='bbox 182 2431 407 2512; x_wconf 76' lang='grc' dir='ltr'>κοσμοωοιΐασ</span> <span class='ocrx_word' id='word_1_148' title='bbox 424 2430 517 2511; x_wconf 80' lang='grc' dir='ltr'>ἑστὶμ</span> <span class='ocrx_word' id='word_1_149' title='bbox 529 2431 795 2512; x_wconf 67' lang='grc' dir='ltr'>γεγεμμμμέμομ.</span> <span class='ocrx_word' id='word_1_150' title='bbox 819 2428 1272 2510; x_wconf 80' lang='lat' dir='ltr'><strong>Pseudo-Matth.XXXI‚3.</strong></span> 
     </span>
     <span class='ocr_line' id='line_1_20' title="bbox 179 2539 1270 2622; baseline 0 -18"><span class='ocrx_word' id='word_1_151' title='bbox 179 2539 269 2604; x_wconf 76' lang='lat' dir='ltr'><strong>Tunc</strong></span> <span class='ocrx_word' id='word_1_152' title='bbox 298 2541 408 2622; x_wconf 88' lang='lat' dir='ltr'><strong>coepit</strong></span> <span class='ocrx_word' id='word_1_153' title='bbox 437 2541 564 2604; x_wconf 86' lang='lat' dir='ltr'><strong>cunctis</strong></span> <span class='ocrx_word' id='word_1_154' title='bbox 591 2539 802 2603; x_wconf 84' lang='lat' dir='ltr'><strong>audientibus</strong></span> <span class='ocrx_word' id='word_1_155' title='bbox 829 2539 971 2604; x_wconf 88' lang='lat' dir='ltr'><strong>clamare</strong></span> <span class='ocrx_word' id='word_1_156' title='bbox 994 2545 1028 2604; x_wconf 90' lang='lat' dir='ltr'><strong>et</strong></span> <span class='ocrx_word' id='word_1_157' title='bbox 1050 2540 1158 2604; x_wconf 87' lang='lat' dir='ltr'><strong>dicere</strong></span> <span class='ocrx_word' id='word_1_158' title='bbox 1180 2539 1270 2604; x_wconf 90' lang='lat' dir='ltr'><strong>Num</strong></span> 
     </span>
     <span class='ocr_line' id='line_1_21' title="bbox 181 2650 1379 2733; baseline -0.002 -18"><span class='ocrx_word' id='word_1_159' title='bbox 181 2651 275 2716; x_wconf 86' lang='lat' dir='ltr'><strong>debet</strong></span> <span class='ocrx_word' id='word_1_160' title='bbox 301 2651 366 2714; x_wconf 86' lang='lat' dir='ltr'><strong>iste</strong></span> <span class='ocrx_word' id='word_1_161' title='bbox 394 2672 493 2733; x_wconf 87' lang='lat' dir='ltr'><strong>super</strong></span> <span class='ocrx_word' id='word_1_162' title='bbox 521 2655 611 2715; x_wconf 88' lang='lat' dir='ltr'><strong>terra</strong></span> <span class='ocrx_word' id='word_1_163' title='bbox 633 2650 768 2715; x_wconf 84' lang='lat' dir='ltr'><strong>vivere?</strong></span> <span class='ocrx_word' id='word_1_164' title='bbox 811 2650 885 2714; x_wconf 91' lang='lat' dir='ltr'><strong>Imc</strong></span> <span class='ocrx_word' id='word_1_165' title='bbox 909 2651 943 2714; x_wconf 89' lang='lat' dir='ltr'><strong>in</strong></span> <span class='ocrx_word' id='word_1_166' title='bbox 967 2672 1086 2733; x_wconf 91' lang='lat' dir='ltr'><strong>magna</strong></span> <span class='ocrx_word' id='word_1_167' title='bbox 1109 2673 1203 2716; x_wconf 86' lang='lat' dir='ltr'><strong>cruce</strong></span> <span class='ocrx_word' id='word_1_168' title='bbox 1226 2651 1273 2714; x_wconf 92' lang='lat' dir='ltr'><strong>di·</strong></span> <span class='ocrx_word' id='word_1_169' title='bbox 1374 2681 1379 2700; x_wconf 61' lang='grc' dir='ltr'>ι</span> 
     </span>
     <span class='ocr_line' id='line_1_22' title="bbox 182 2759 1272 2844; baseline -0.001 -18"><span class='ocrx_word' id='word_1_170' title='bbox 182 2782 260 2844; x_wconf 90' lang='lat' dir='ltr'><strong>gnus</strong></span> <span class='ocrx_word' id='word_1_171' title='bbox 288 2766 340 2826; x_wconf 87' lang='lat' dir='ltr'><strong>est</strong></span> <span class='ocrx_word' id='word_1_172' title='bbox 363 2761 514 2843; x_wconf 87' lang='lat' dir='ltr'><strong>appendi.</strong></span> <span class='ocrx_word' id='word_1_173' title='bbox 558 2759 646 2825; x_wconf 89' lang='lat' dir='ltr'><strong>Nam</strong></span> <span class='ocrx_word' id='word_1_174' title='bbox 669 2765 781 2842; x_wconf 90' lang='lat' dir='ltr'><strong>potest</strong></span> <span class='ocrx_word' id='word_1_175' title='bbox 802 2761 912 2841; x_wconf 89' lang='lat' dir='ltr'><strong>ignem</strong></span> <span class='ocrx_word' id='word_1_176' title='bbox 936 2763 1127 2843; x_wconf 84' lang='lat' dir='ltr'><strong>extinguere</strong></span> <span class='ocrx_word' id='word_1_177' title='bbox 1151 2767 1184 2825; x_wconf 90' lang='lat' dir='ltr'><strong>et</strong></span> <span class='ocrx_word' id='word_1_178' title='bbox 1206 2759 1272 2825; x_wconf 88' lang='lat' dir='ltr'><strong>alia</strong></span> 
     </span>
     <span class='ocr_line' id='line_1_23' title="bbox 184 2848 1272 2953; baseline -0.001 -17"><span class='ocrx_word' id='word_1_179' title='bbox 184 2872 335 2937; x_wconf 86' lang='lat' dir='ltr'><strong>deludere</strong></span> <span class='ocrx_word' id='word_1_180' title='bbox 356 2848 531 2936; x_wconf 81' lang='lat' dir='ltr'><strong>tormenta.</strong></span> <span class='ocrx_word' id='word_1_181' title='bbox 569 2871 642 2953; x_wconf 85' lang='lat' dir='ltr'><strong>Ego</strong></span> <span class='ocrx_word' id='word_1_182' title='bbox 663 2876 744 2953; x_wconf 89' lang='lat' dir='ltr'><strong>puto</strong></span> <span class='ocrx_word' id='word_1_183' title='bbox 760 2871 849 2952; x_wconf 90' lang='lat' dir='ltr'><strong>quod</strong></span> <span class='ocrx_word' id='word_1_184' title='bbox 872 2871 926 2936; x_wconf 89' lang='lat' dir='ltr'><strong>hic</strong></span> <span class='ocrx_word' id='word_1_185' title='bbox 948 2877 1025 2937; x_wconf 90' lang='lat' dir='ltr'><strong>ante</strong></span> <span class='ocrx_word' id='word_1_186' title='bbox 1048 2872 1272 2937; x_wconf 82' lang='lat' dir='ltr'><strong>cataclismum</strong></span> 
     </span>
     <span class='ocr_line' id='line_1_24' title="bbox 183 2969 1098 3065; baseline -0.001 -19"><span class='ocrx_word' id='word_1_187' title='bbox 183 2983 289 3065; x_wconf 80' lang='lat' dir='ltr'><strong>suerit,</strong></span> <span class='ocrx_word' id='word_1_188' title='bbox 312 2988 390 3047; x_wconf 89' lang='lat' dir='ltr'><strong>ante</strong></span> <span class='ocrx_word' id='word_1_189' title='bbox 414 2983 571 3047; x_wconf 83' lang='lat' dir='ltr'><strong>diluvium</strong></span> <span class='ocrx_word' id='word_1_190' title='bbox 594 2988 700 3046; x_wconf 87' lang='lat' dir='ltr'><strong>natus.</strong></span> <span class='ocrx_word' id='word_1_191' title='bbox 1094 2969 1098 2972; x_wconf 54' lang='grc'><strong>’</strong></span> 
     </span>
    </p>

    <p class='ocr_par' dir='ltr' id='par_1_7' title="bbox 138 3088 1274 3402">
     <span class='ocr_line' id='line_1_25' title="bbox 138 3088 1274 3178; baseline -0.001 -19"><span class='ocrx_word' id='word_1_192' title='bbox 138 3088 163 3172; x_wconf 73' lang='grc' dir='ltr'><strong>(ἰ)</strong></span> <span class='ocrx_word' id='word_1_193' title='bbox 183 3130 212 3143; x_wconf 90' lang='grc'><strong>--</strong></span> <span class='ocrx_word' id='word_1_194' title='bbox 227 3094 408 3175; x_wconf 81' lang='lat' dir='ltr'><strong>fructuosa,</strong></span> <span class='ocrx_word' id='word_1_195' title='bbox 425 3093 539 3158; x_wconf 81' lang='lat' dir='ltr'><strong>vident</strong></span> <span class='ocrx_word' id='word_1_196' title='bbox 557 3094 644 3158; x_wconf 90' lang='lat' dir='ltr'><strong>caeci</strong></span> <span class='ocrx_word' id='word_1_197' title='bbox 664 3093 834 3158; x_wconf 82' lang='lat' dir='ltr'><strong>fructuosa</strong></span> <span class='ocrx_word' id='word_1_198' title='bbox 852 3094 966 3158; x_wconf 90' lang='lat' dir='ltr'><strong>iudicii</strong></span> <span class='ocrx_word' id='word_1_199' title='bbox 973 3095 1021 3178; x_wconf 63' lang='grc' dir='ltr'><strong>(ἓ).</strong></span> <span class='ocrx_word' id='word_1_200' title='bbox 1065 3095 1111 3159; x_wconf 83' lang='lat' dir='ltr'><strong>Et</strong></span> <span class='ocrx_word' id='word_1_201' title='bbox 1126 3095 1274 3161; x_wconf 86' lang='lat' dir='ltr'><strong>restituti</strong></span> 
     </span>
     <span class='ocr_line' id='line_1_26' title="bbox 185 3205 1273 3286; baseline 0.002 -18"><span class='ocrx_word' id='word_1_202' title='bbox 185 3210 256 3269; x_wconf 88' lang='lat' dir='ltr'><strong>sunt</strong></span> <span class='ocrx_word' id='word_1_203' title='bbox 285 3226 398 3270; x_wconf 90' lang='lat' dir='ltr'><strong>omnes</strong></span> <span class='ocrx_word' id='word_1_204' title='bbox 421 3206 478 3286; x_wconf 90' lang='lat' dir='ltr'><strong>qui</strong></span> <span class='ocrx_word' id='word_1_205' title='bbox 502 3211 579 3270; x_wconf 84' lang='lat' dir='ltr'><strong>sunt</strong></span> <span class='ocrx_word' id='word_1_206' title='bbox 602 3205 778 3271; x_wconf 85' lang='lat' dir='ltr'><strong>maledicti.</strong></span> <span class='ocrx_word' id='word_1_207' title='bbox 822 3206 868 3269; x_wconf 84' lang='lat' dir='ltr'><strong>Et</strong></span> <span class='ocrx_word' id='word_1_208' title='bbox 890 3228 985 3270; x_wconf 88' lang='lat' dir='ltr'><strong>nemo</strong></span> <span class='ocrx_word' id='word_1_209' title='bbox 1009 3208 1039 3271; x_wconf 88' lang='lat' dir='ltr'><strong>ei</strong></span> <span class='ocrx_word' id='word_1_210' title='bbox 1062 3208 1205 3272; x_wconf 86' lang='lat' dir='ltr'><strong>audebat</strong></span> <span class='ocrx_word' id='word_1_211' title='bbox 1227 3208 1273 3270; x_wconf 89' lang='lat' dir='ltr'><strong>vi·</strong></span> 
     </span>
     <span class='ocr_line' id='line_1_27' title="bbox 184 3314 1274 3402; baseline 0.002 -24"><span class='ocrx_word' id='word_1_212' title='bbox 184 3315 242 3379; x_wconf 92' lang='lat' dir='ltr'><strong>lem</strong></span> <span class='ocrx_word' id='word_1_213' title='bbox 266 3321 297 3400; x_wconf 81' lang='lat' dir='ltr'><strong>(i.</strong></span> <span class='ocrx_word' id='word_1_214' title='bbox 313 3342 338 3379; x_wconf 82' lang='lat' dir='ltr'><strong>e.</strong></span> <span class='ocrx_word' id='word_1_215' title='bbox 362 3317 459 3400; x_wconf 68' lang='lat' dir='ltr'><strong>bilem)</strong></span> <span class='ocrx_word' id='word_1_216' title='bbox 483 3317 599 3381; x_wconf 85' lang='lat' dir='ltr'><strong>iacere.</strong></span> <span class='ocrx_word' id='word_1_217' title='bbox 645 3316 693 3382; x_wconf 80' lang='lat' dir='ltr'><strong>Of.</strong></span> <span class='ocrx_word' id='word_1_218' title='bbox 717 3339 833 3400; x_wconf 83' lang='lat' dir='ltr'><strong>graece</strong></span> <span class='ocrx_word' id='word_1_219' title='bbox 855 3317 889 3381; x_wconf 90' lang='lat' dir='ltr'>A</span> <span class='ocrx_word' id='word_1_220' title='bbox 911 3317 1013 3383; x_wconf 85' lang='lat' dir='ltr'>VIII.</span> <span class='ocrx_word' id='word_1_221' title='bbox 1036 3357 1075 3368; x_wconf 94' lang='lat'><strong>--</strong></span> <span class='ocrx_word' id='word_1_222' title='bbox 1099 3314 1174 3402; x_wconf 83' lang='grc' dir='ltr'><strong>Νὓμ</strong></span> <span class='ocrx_word' id='word_1_223' title='bbox 1198 3343 1274 3402; x_wconf 86' lang='grc' dir='ltr'>καρ-</span> 
     </span>
    </p>

    <p class='ocr_par' dir='ltr' id='par_1_8' title="bbox 87 3425 1275 3938">
     <span class='ocr_line' id='line_1_28' title="bbox 87 3425 1274 3513; baseline 0.003 -24"><span class='ocrx_word' id='word_1_224' title='bbox 87 3427 94 3446; x_wconf 82' lang='lat'>‘</span> <span class='ocrx_word' id='word_1_225' title='bbox 186 3430 453 3512; x_wconf 79' lang='grc' dir='ltr'>ωοῴορείταοσαμ</span> <span class='ocrx_word' id='word_1_226' title='bbox 485 3427 531 3490; x_wconf 82' lang='grc' dir='ltr'><strong>τὰ</strong></span> <span class='ocrx_word' id='word_1_227' title='bbox 562 3428 624 3500; x_wconf 77' lang='grc' dir='ltr'><strong>σά,</strong></span> <span class='ocrx_word' id='word_1_228' title='bbox 666 3433 716 3491; x_wconf 84' lang='grc' dir='ltr'><strong>καὶ</strong></span> <span class='ocrx_word' id='word_1_229' title='bbox 748 3433 984 3511; x_wconf 75' lang='grc' dir='ltr'>Βλεωέταοσαμ</span> <span class='ocrx_word' id='word_1_230' title='bbox 1018 3432 1048 3492; x_wconf 86' lang='grc' dir='ltr'><strong>οῖ</strong></span> <span class='ocrx_word' id='word_1_231' title='bbox 1078 3435 1201 3513; x_wconf 72' lang='grc' dir='ltr'>τυφλοὶ</span> <span class='ocrx_word' id='word_1_232' title='bbox 1231 3425 1274 3511; x_wconf 68' lang='grc' dir='ltr'><strong>τῇ</strong></span> 
     </span>
     <span class='ocr_line' id='line_1_29' title="bbox 185 3537 1273 3623; baseline 0.004 -24"><span class='ocrx_word' id='word_1_233' title='bbox 185 3541 292 3622; x_wconf 83' lang='grc' dir='ltr'>καρδίᾳ</span> <span class='ocrx_word' id='word_1_234' title='bbox 315 3576 330 3589; x_wconf 88' lang='grc'>-</span> <span class='ocrx_word' id='word_1_235' title='bbox 347 3576 364 3588; x_wconf 92' lang='grc'><strong>-</strong></span> <span class='ocrx_word' id='word_1_236' title='bbox 386 3537 523 3602; x_wconf 79' lang='grc' dir='ltr'>εὐθέωσ</span> <span class='ocrx_word' id='word_1_237' title='bbox 547 3541 730 3623; x_wconf 62' lang='lat' dir='ltr'><strong>{subduccre</strong></span> <span class='ocrx_word' id='word_1_238' title='bbox 755 3543 786 3603; x_wconf 87' lang='grc' dir='ltr'><strong>οῖ</strong></span> <span class='ocrx_word' id='word_1_239' title='bbox 808 3540 949 3622; x_wconf 79' lang='grc' dir='ltr'>ωὰμτεσ</span> <span class='ocrx_word' id='word_1_240' title='bbox 973 3545 1002 3603; x_wconf 82' lang='lat' dir='ltr'><strong>oi</strong></span> <span class='ocrx_word' id='word_1_241' title='bbox 1026 3539 1098 3603; x_wconf 82' lang='grc' dir='ltr'><strong>ὒωὸ</strong></span> <span class='ocrx_word' id='word_1_242' title='bbox 1125 3540 1187 3623; x_wconf 71' lang='lat' dir='ltr'><strong>reip</strong></span> <span class='ocrx_word' id='word_1_243' title='bbox 1217 3566 1273 3603; x_wconf 88' lang='grc' dir='ltr'><strong>κα-</strong></span> 
     </span>
     <span class='ocr_line' id='line_1_30' title="bbox 184 3645 1272 3735; baseline 0.006 -25"><span class='ocrx_word' id='word_1_244' title='bbox 184 3650 285 3732; x_wconf 78' lang='grc' dir='ltr'>τάραμ</span> <span class='ocrx_word' id='word_1_245' title='bbox 318 3645 426 3713; x_wconf 76' lang='grc' dir='ltr'>αὐτοῦ</span> <span class='ocrx_word' id='word_1_246' title='bbox 457 3649 647 3734; x_wconf 84' lang='grc' dir='ltr'>ωεσόμτεσ.</span> <span class='ocrx_word' id='word_1_247' title='bbox 693 3656 744 3713; x_wconf 78' lang='grc' dir='ltr'><strong>καὶ</strong></span> <span class='ocrx_word' id='word_1_248' title='bbox 777 3651 889 3714; x_wconf 68' lang='lat' dir='ltr'><strong>eutero</strong></span> <span class='ocrx_word' id='word_1_249' title='bbox 921 3649 995 3714; x_wconf 80' lang='grc' dir='ltr'><strong>αωὸ</strong></span> <span class='ocrx_word' id='word_1_250' title='bbox 1026 3650 1109 3714; x_wconf 85' lang='grc' dir='ltr'>τότε</span> <span class='ocrx_word' id='word_1_251' title='bbox 1141 3651 1272 3735; x_wconf 80' lang='grc' dir='ltr'>ἐτόλμα</span> 
     </span>
     <span class='ocr_line' id='line_1_31' title="bbox 185 3759 1275 3846; baseline 0.005 -23"><span class='ocrx_word' id='word_1_252' title='bbox 185 3764 388 3846; x_wconf 74' lang='grc' dir='ltr'>ωαροργῐσαι</span> <span class='ocrx_word' id='word_1_253' title='bbox 414 3759 526 3845; x_wconf 83' lang='grc' dir='ltr'>αὐτόμ.</span> <span class='ocrx_word' id='word_1_254' title='bbox 559 3762 827 3826; x_wconf 87' lang='lat' dir='ltr'><strong>Pseudo-Matth.</strong></span> <span class='ocrx_word' id='word_1_255' title='bbox 843 3762 985 3844; x_wconf 81' lang='lat' dir='ltr'>XXXI,</span> <span class='ocrx_word' id='word_1_256' title='bbox 1000 3767 1030 3827; x_wconf 86' lang='grc'><strong>4.</strong></span> <span class='ocrx_word' id='word_1_257' title='bbox 1058 3762 1275 3828; x_wconf 86' lang='lat' dir='ltr'><strong>Fructificent</strong></span> 
     </span>
     <span class='ocr_line' id='line_1_32' title="bbox 184 3871 778 3938; baseline 0.003 -4"><span class='ocrx_word' id='word_1_258' title='bbox 184 3871 379 3938; x_wconf 88' lang='lat' dir='ltr'><strong>infructuosi</strong></span> <span class='ocrx_word' id='word_1_259' title='bbox 403 3878 436 3937; x_wconf 93' lang='lat' dir='ltr'><strong>et</strong></span> <span class='ocrx_word' id='word_1_260' title='bbox 459 3874 592 3937; x_wconf 86' lang='lat' dir='ltr'><strong>videant</strong></span> <span class='ocrx_word' id='word_1_261' title='bbox 614 3875 702 3938; x_wconf 90' lang='lat' dir='ltr'><strong>caeci</strong></span> <span class='ocrx_word' id='word_1_262' title='bbox 725 3886 778 3937; x_wconf 82' lang='lat' dir='ltr'><strong>etc.</strong></span> 
     </span>
    </p>

    <p class='ocr_par' dir='ltr' id='par_1_9' title="bbox 144 3974 1276 4516">
     <span class='ocr_line' id='line_1_33' title="bbox 144 3974 1275 4058; baseline 0.006 -12"><span class='ocrx_word' id='word_1_263' title='bbox 144 3979 167 4058; x_wconf 77' lang='grc' dir='ltr'><strong>θ)</strong></span> <span class='ocrx_word' id='word_1_264' title='bbox 185 3981 227 4046; x_wconf 84' lang='lat' dir='ltr'><strong>Et</strong></span> <span class='ocrx_word' id='word_1_265' title='bbox 248 4005 315 4048; x_wconf 90' lang='lat' dir='ltr'><strong>una</strong></span> <span class='ocrx_word' id='word_1_266' title='bbox 333 3984 461 4048; x_wconf 89' lang='lat' dir='ltr'><strong>dierum</strong></span> <span class='ocrx_word' id='word_1_267' title='bbox 483 3974 534 4050; x_wconf 79' lang='lat' dir='ltr'><strong>ibs</strong></span> <span class='ocrx_word' id='word_1_268' title='bbox 557 3985 694 4049; x_wconf 85' lang='lat' dir='ltr'><strong>sabbato</strong></span> <span class='ocrx_word' id='word_1_269' title='bbox 718 3985 852 4050; x_wconf 86' lang='lat' dir='ltr'><strong>ludebat</strong></span> <span class='ocrx_word' id='word_1_270' title='bbox 875 4008 947 4051; x_wconf 89' lang='lat' dir='ltr'><strong>cum</strong></span> <span class='ocrx_word' id='word_1_271' title='bbox 970 3987 1153 4051; x_wconf 78' lang='lat' dir='ltr'><strong>infantibus</strong></span> <span class='ocrx_word' id='word_1_272' title='bbox 1171 3989 1207 4052; x_wconf 91' lang='lat' dir='ltr'><strong>in</strong></span> <span class='ocrx_word' id='word_1_273' title='bbox 1224 4009 1275 4053; x_wconf 92' lang='lat' dir='ltr'><strong>so·</strong></span> 
     </span>
     <span class='ocr_line' id='line_1_34' title="bbox 187 4091 1275 4176; baseline 0.007 -21"><span class='ocrx_word' id='word_1_274' title='bbox 187 4091 279 4176; x_wconf 88' lang='lat' dir='ltr'><strong>lario,</strong></span> <span class='ocrx_word' id='word_1_275' title='bbox 308 4099 342 4159; x_wconf 88' lang='lat' dir='ltr'><strong>et</strong></span> <span class='ocrx_word' id='word_1_276' title='bbox 369 4117 454 4159; x_wconf 88' lang='lat' dir='ltr'><strong>unus</strong></span> <span class='ocrx_word' id='word_1_277' title='bbox 476 4095 517 4161; x_wconf 90' lang='lat' dir='ltr'><strong>de</strong></span> <span class='ocrx_word' id='word_1_278' title='bbox 544 4095 726 4160; x_wconf 86' lang='lat' dir='ltr'><strong>infantibus</strong></span> <span class='ocrx_word' id='word_1_279' title='bbox 754 4097 872 4161; x_wconf 89' lang='lat' dir='ltr'><strong>cecidit</strong></span> <span class='ocrx_word' id='word_1_280' title='bbox 898 4102 933 4162; x_wconf 88' lang='lat' dir='ltr'><strong>et</strong></span> <span class='ocrx_word' id='word_1_281' title='bbox 954 4102 1103 4162; x_wconf 88' lang='lat' dir='ltr'><strong>mortuus</strong></span> <span class='ocrx_word' id='word_1_282' title='bbox 1126 4104 1184 4164; x_wconf 88' lang='lat' dir='ltr'><strong>est.</strong></span> <span class='ocrx_word' id='word_1_283' title='bbox 1228 4100 1275 4165; x_wconf 85' lang='lat' dir='ltr'><strong>Et</strong></span> 
     </span>
     <span class='ocr_line' id='line_1_35' title="bbox 187 4207 1276 4293; baseline 0.006 -25"><span class='ocrx_word' id='word_1_284' title='bbox 187 4225 256 4269; x_wconf 90' lang='lat' dir='ltr'><strong>cum</strong></span> <span class='ocrx_word' id='word_1_285' title='bbox 278 4207 439 4272; x_wconf 81' lang='lat' dir='ltr'><strong>vidissent</strong></span> <span class='ocrx_word' id='word_1_286' title='bbox 461 4208 563 4273; x_wconf 88' lang='lat' dir='ltr'><strong>ceteri</strong></span> <span class='ocrx_word' id='word_1_287' title='bbox 584 4207 737 4289; x_wconf 86' lang='lat' dir='ltr'><strong>infantes,</strong></span> <span class='ocrx_word' id='word_1_288' title='bbox 760 4209 925 4292; x_wconf 84' lang='lat' dir='ltr'><strong>fugerunt,</strong></span> <span class='ocrx_word' id='word_1_289' title='bbox 948 4215 981 4274; x_wconf 90' lang='lat' dir='ltr'><strong>et</strong></span> <span class='ocrx_word' id='word_1_290' title='bbox 1003 4231 1225 4293; x_wconf 88' lang='lat' dir='ltr'><strong>conpraensus</strong></span> <span class='ocrx_word' id='word_1_291' title='bbox 1240 4249 1276 4263; x_wconf 88' lang='lat'><strong>·-</strong></span> 
     </span>
     <span class='ocr_line' id='line_1_36' title="bbox 188 4315 1273 4406; baseline 0.005 -26"><span class='ocrx_word' id='word_1_292' title='bbox 188 4315 233 4381; x_wconf 83' lang='lat' dir='ltr'><strong>Cf.</strong></span> <span class='ocrx_word' id='word_1_293' title='bbox 256 4339 373 4400; x_wconf 85' lang='lat' dir='ltr'><strong>graece</strong></span> <span class='ocrx_word' id='word_1_294' title='bbox 395 4318 430 4383; x_wconf 91' lang='lat' dir='ltr'>A</span> <span class='ocrx_word' id='word_1_295' title='bbox 459 4321 493 4399; x_wconf 80' lang='grc'><strong>9,</strong></span> <span class='ocrx_word' id='word_1_296' title='bbox 518 4322 545 4382; x_wconf 88' lang='grc'><strong>1.</strong></span> <span class='ocrx_word' id='word_1_297' title='bbox 590 4321 656 4381; x_wconf 79' lang='grc' dir='ltr'><strong>Καὶ</strong></span> <span class='ocrx_word' id='word_1_298' title='bbox 687 4319 757 4401; x_wconf 86' lang='grc' dir='ltr'>μεθ’</span> <span class='ocrx_word' id='word_1_299' title='bbox 791 4320 919 4405; x_wconf 68' lang='grc' dir='ltr'>ᾗμέρασ</span> <span class='ocrx_word' id='word_1_300' title='bbox 946 4323 983 4384; x_wconf 82' lang='grc' dir='ltr'><strong>δέ</strong></span> <span class='ocrx_word' id='word_1_301' title='bbox 1006 4345 1104 4405; x_wconf 84' lang='grc' dir='ltr'>τιμασ</span> <span class='ocrx_word' id='word_1_302' title='bbox 1132 4329 1273 4406; x_wconf 72' lang='grc' dir='ltr'>ἕωαιζεμ</span> 
     </span>
     <span class='ocr_line' id='line_1_37' title="bbox 189 4424 1275 4516; baseline 0.007 -28"><span class='ocrx_word' id='word_1_303' title='bbox 189 4424 360 4494; x_wconf 78' lang='grc' dir='ltr'>ὅἸΗσοῦσ</span> <span class='ocrx_word' id='word_1_304' title='bbox 389 4437 426 4514; x_wconf 80' lang='grc' dir='ltr'><strong>ἕμ</strong></span> <span class='ocrx_word' id='word_1_305' title='bbox 454 4454 513 4513; x_wconf 83' lang='grc' dir='ltr'>τιμι</span> <span class='ocrx_word' id='word_1_306' title='bbox 543 4432 669 4513; x_wconf 83' lang='grc' dir='ltr'>δώματι</span> <span class='ocrx_word' id='word_1_307' title='bbox 700 4432 736 4513; x_wconf 78' lang='grc' dir='ltr'><strong>ἐμ</strong></span> <span class='ocrx_word' id='word_1_308' title='bbox 765 4431 935 4515; x_wconf 81' lang='grc' dir='ltr'>ῡωερῴαρ,</span> <span class='ocrx_word' id='word_1_309' title='bbox 964 4437 1014 4496; x_wconf 78' lang='grc' dir='ltr'><strong>καὶ</strong></span> <span class='ocrx_word' id='word_1_310' title='bbox 1036 4439 1074 4516; x_wconf 70' lang='lat' dir='ltr'><strong>tp</strong></span> <span class='ocrx_word' id='word_1_311' title='bbox 1096 4439 1171 4515; x_wconf 80' lang='grc' dir='ltr'><strong>τῶμ</strong></span> <span class='ocrx_word' id='word_1_312' title='bbox 1192 4457 1275 4496; x_wconf 79' lang='lat' dir='ltr'><strong>mur·</strong></span> 
     </span>
    </p>
   </div>
   <div class='ocr_carea' id='block_1_5' title="bbox 0 0 1449 5062">
    <p class='ocr_par' dir='ltr' id='par_1_10' title="bbox 0 0 1449 5062">
     <span class='ocr_line' id='line_1_38' title="bbox 0 0 1449 5062; baseline 0 0"><span class='ocrx_word' id='word_1_313' title='bbox 0 0 1449 5062; x_wconf 95' lang='lat' dir='ltr'><strong> </strong></span> 
     </span>
    </p>
   </div>
  </div>
 </body>
</html>
