2880 5062
125 383 189 444 412
480 383 605 432 avano.
625 381 803 432 siconem
831 381 917 430 raus
938 381 975 430 11.

127 532 366 611 CCCCLXX3
405 532 447 596 ab
479 532 569 595 exitu
601 531 744 596 filiorum
775 532 882 599 Israel
915 531 955 595 de
986 531 1121 612 Egypto
1156 548 1256 612 usque
1284 527 1319 592 ad

125 636 240 718 templi
256 636 522 701 aedificationem
538 637 617 700 anni
633 636 738 715 DXI;
762 642 796 700 et
812 657 832 700 a
847 635 963 717 templi
977 633 1212 699 aedificatione
1228 653 1319 715 usque

126 738 168 803 ad
190 740 296 821 ipsius
318 739 434 821 templi
458 738 718 803 destructionem
741 738 820 802 anni
843 736 1121 816 CCCCLXIIII3
1151 757 1255 819 usque
1275 735 1319 798 hic

125 841 311 904 invenimus
333 841 368 904 in
391 839 592 905 bibhotheoa
611 839 753 904 Esdrae:
777 839 986 922 requirentes
1011 839 1053 903 ab
1075 838 1230 903 incendio
1251 845 1320 902 tem·

126 943 172 1025 pli
188 966 293 1026 usque
310 944 488 1008 adventum
504 942 630 1008 Christi
646 948 680 1007 et
695 943 906 1007 nativitatem
927 943 997 1006 eius
1020 943 1207 1006 invenimus
1229 961 1320 1006 anuos

126 1067 199 1110 esse
221 1045 462 1112 DCXXXVI.
502 1044 568 1130 Qui
592 1045 727 1109 suerunt
751 1043 850 1109 simul
872 1045 951 1108 anni
966 1044 999 1110 V
1022 1044 1129 1108 millia
1153 1043 1320 1126 quingenti,

126 1150 213 1213 siout
234 1150 421 1213 invenimus
445 1148 606 1229 seriptum
629 1148 663 1211 in
686 1147 888 1213 bibliotheca
910 1148 1167 1229 praenuntiasse
1187 1145 1320 1211 Michael

126 1249 361 1332 archangelum
386 1249 428 1313 ad
451 1251 587 1312 tertium
608 1248 712 1312 filium
728 1248 824 1312 Adae
841 1246 932 1330 Seth,
954 1249 989 1312 in
1006 1249 1155 1330 quinque
1180 1254 1213 1312 et
1235 1248 1319 1311 semis

125 1354 272 1417 millibus
295 1374 457 1418 annorum
481 1352 652 1416 advenisse
676 1351 847 1418 Christum
870 1351 973 1416 filium
998 1351 1060 1416 dei.
1104 1352 1220 1434 Usque
1244 1372 1318 1416 nunc

124 1455 248 1518 nomini
276 1454 433 1535 diximus,
466 1459 503 1518 ut
531 1474 598 1518 non
626 1460 714 1517 esset
742 1454 903 1518 dissensio
932 1456 966 1518 in
991 1455 1169 1536 synagogis
1191 1452 1317 1517 nostris:

125 1563 158 1621 et
180 1579 267 1622 nunc
291 1557 473 1621 coniurasti
497 1578 571 1638 nos,
594 1556 694 1620 iudex
716 1557 815 1638 bone,
838 1578 897 1639 per
920 1559 1019 1622 istam
1043 1563 1193 1621 sanctam
1217 1555 1316 1619 biblio

124 1657 255 1722 thecam
277 1658 544 1721 testimoniorum
560 1657 621 1736 dei,
646 1663 679 1719 et
700 1657 913 1722 manifestum
938 1658 998 1721 tibi
1023 1658 1173 1724 facimus.
1208 1657 1253 1720 Et
1267 1677 1314 1720 nos

126 1762 371 1826 coniuravimus
399 1767 432 1826 te
461 1782 521 1844 per
548 1762 652 1825 vitam
680 1767 714 1825 et
743 1761 884 1827 salutem
912 1768 1019 1843 tuam,
1047 1763 1133 1827 haee
1155 1761 1251 1826 verba
1271 1781 1313 1824 ne·

126 1865 207 1929 mini
230 1865 407 1929 manifesta
429 1864 540 1930 facere
566 1865 601 1928 in
623 1864 815 1930 Ierusalem.

505 2085 624 2151 Carus
648 2086 752 2151 XIII.
784 2086 949 2173 (XXIX.)

211 2237 309 2300 Haeo
332 2235 433 2299 verba
456 2237 579 2301 Annae
604 2244 636 2302 et
660 2237 807 2319 Caiphae
831 2238 969 2303 audiens
992 2237 1125 2302 Pilatus
1149 2239 1253 2302 omnia
1271 2258 1308 2300 re

124 2338 235 2421 posuit
265 2338 299 2399 in
327 2337 429 2418 gestis
458 2335 632 2403 salvatoris
661 2339 784 2403 domini
812 2340 846 2402 in
873 2338 1040 2403 oodioibus
1070 2339 1211 2421 publicis
1232 2359 1307 2421 prae·

123 2564 207 2611 riores
227 2571 283 2612 tros
303 2562 371 2610 LXX
392 2578 445 2610 non
465 2564 533 2611 satis
550 2564 618 2612 certi
632 2562 707 2626 sunt)
726 2588 734 2598 -
754 2564 816 2612 anni
829 2563 1026 2612 ccoonxlffl
1042 2587 1053 2598 ·
1071 2563 1246 2612 DCXXXI'I.
1263 2576 1307 2611 cun

122 2646 189 2695 nmb
210 2682 240 2696 ..
260 2646 302 2704 θ’,
328 2648 393 2696 item
412 2646 465 2695 Hal
491 2651 516 2695 et
538 2663 555 2694 a
578 2646 660 2697 diluo.
680 2663 756 2710 arque
775 2648 809 2695 ad
828 2648 960 2696 Abrabam
982 2649 1044 2695 anni
1065 2650 1185 2711 nonpenti
1200 2647 1307 2696 duodecin

122 2731 187 2792 (Hal
208 2734 394 2797 qnadrapintor
411 2737 437 2782 et
454 2733 546 2796 viginti
563 2733 638 2794 daos)
663 2735 688 2781 et
706 2734 737 2781 ab
756 2734 887 2782 Abraham
905 2750 983 2798 nsque
1001 2735 1036 2783 ad
1055 2735 1162 2799 Moysen
1185 2735 1242 2782 anni
1261 2748 1306 2797 qm·

122 2820 252 2882 drinpenli
275 2820 400 2881 trifinio:
428 2823 453 2868 et
476 2819 508 2867 de
526 2819 614 2883 Moyse
636 2836 714 2883 napae
738 2821 772 2868 ad
791 2820 879 2868 David
904 2836 988 2884 repom
1012 2821 1074 2868 anni
1096 2821 1225 2884 quingenti
1243 2820 1306 2868 aean

122 2906 187 2967 (Hal
211 2908 331 2956 ducentos
351 2905 460 2968 decem:
488 2911 513 2955 et
530 2924 548 2955 a
565 2908 653 2955 David
677 2924 755 2971 arque
778 2910 812 2956 ad
836 2909 1087 2971 tranrmiprationam
1106 2907 1242 2974 Babylonia
1260 2904 1307 2954 anai

123 2993 253 3056 qainpentr'
279 2993 343 3054 (Hal
369 3009 449 3042 annor
466 2992 612 3053 dueentem:
639 2998 665 3042 et
686 2995 717 3042 de
741 2995 967 3058 transmigratione
984 2994 1129 3059 Babylone}
1145 3011 1221 3058 eaque
1236 2993 1265 3042 ad
1279 2993 1305 3038 ἐν

121 3078 295 3126 coronationem
320 3077 416 3125 carim
442 3077 504 3124 anm¹
531 3077 713 3140 quadrinpenti
741 3079 808 3140 (Hal
835 3094 915 3128 annor
942 3078 1143 3142 quadrinpentor
1170 3079 1305 3142 triplatam

121 3163 199 3224 octo).
219 3163 224 3221 Ι
251 3163 301 3224 Qui
315 3165 428 3227 suerent
445 3163 521 3211 annal
539 3164 601 3211 arrnr'
620 3163 686 3225 (Hel
705 3168 730 3213 et
747 3165 774 3212 m·
792 3165 854 3212 anni
871 3165 947 3213 eimnl
965 3165 1045 3213 iuncti
1060 3165 1147 3229 finum,-
1172 3163 1204 3214 θ’
1220 3164 1306 3229 elstret

121 3250 209 3311 rimnl)
240 3251 265 3298 V
278 3250 363 3299 millia
386 3255 412 3298 et
436 3253 522 3314 quinp.
547 3250 614 3311 (Hal
632 3249 666 3300 D*
684 3252 758 3300 remis
780 3266 828 3315 pro
848 3249 956 3316 puina).
983 3252 1076 3301 'Hanc
1101 3253 1305 3316 computationem

121 3338 197 3386 vitiis
220 3337 342 3386 laborare
365 3337 393 3386 in
419 3336 498 3386 codd.
519 3338 621 3386 uostris
644 3337 732 3386 tribus
751 3338 875 3386 omnibns
893 3338 975 3386 facile
995 3341 1081 3401 patet.
1121 3337 1153 3387 lu
1172 3337 1236 3386 Amb
1252 3335 1305 3386 enin

121 3423 287 3486 singulorum
307 3436 438 3471 annorum
457 3421 625 3483 computatio
644 3422 812 3479 recitasse,
836 3427 867 3471 ut
886 3422 978 3471 desint
996 3422 1044 3482 703
1069 3423 1097 3472 iu
1117 3423 1151 3473 1>⁸
1167 3424 1242 3480 4964,
1258 3417 1304 3468 aa·

122 3507 198 3554 ciunt
217 3505 302 3571 igitur
319 3506 384 3564 536;
403 3505 432 3554 iu
451 3505 505 3554 Hal
524 3504 641 3569 denique
661 3521 716 3554 uon
734 3511 910 3555 numerantur
929 3507 982 3555 uisi
1000 3508 1070 3555 4112
1089 3508 1107 3556 i.
1123 3522 1146 3556 a.
1161 3509 1225 3557 1³88
1236 3505 1303 3554 ulans

121 3606 199 3654 quam
218 3592 297 3640 5500,
314 3593 319 3649 Ι
338 3592 405 3639 aiant
422 3589 561 3638 invenimur
578 3615 589 3625 -
605 3591 697 3654 manif.
712 3592 807 3655 facere
825 3591 851 3639 in
869 3590 1011 3640 Ierusalem
1033 3607 1092 3641 eum
1111 3592 1178 3641 Amb
1200 3625 1228 3639 ..
1248 3587 1304 3638 n'd

120 3680 159 3725 rie
176 3680 288 3738 apparet
305 3677 371 3739 qnod
390 3677 463 3725 Ierur
480 3692 551 3740 quem
569 3677 742 3742 ernerflaimor
760 3677 833 3726 lerna
852 3677 967 3727 onrnrm
984 3679 1027 3727 dei
1043 3677 1123 3743 filine
1139 3682 1189 3734 ert,
1211 3674 1303 3726 mel

120 3763 278 3824 omnipotens
295 3762 365 3809 dena.
385 3762 466 3809 Amen
486 3761 587 3810 ..Hal
607 3761 676 3810 nihil
697 3761 784 3810 simile
803 3761 896 3811 habet.

207 3847 283 3897 XIII.
308 3847 382 3897 Haeo
399 3847 477 3896 verba
495 3872 505 3883 ·
523 3848 611 3897 dicem
628 3863 660 3897 ex
679 3847 763 3897 ambr
781 3854 854 3898 sunt.
891 3848 983 3898 Priora
1001 3864 1054 3898 una
1073 3861 1133 3898 eum
1151 3864 1207 3912 cap.
1219 3856 1301 3911 praeca·

121 3935 203 3984 dente
222 3935 354 3983 omittunt
372 3923 425 3983 »Μ
440 3933 514 3991 ed1>¹‚
540 3934 587 3984 sed
606 3936 757 3998 posteriora
776 3935 902 3984 similiter
921 3935 1061 3984 exhibent.
1097 3935 1203 3984 Etenim
1219 3921 1259 3984 ΒΜ
1272 3928 1300 3976 ⁸1⁰

121 4016 237 4067 habeut:
256 4018 295 4066 Et
313 4018 358 4078 (1)ο
371 4017 426 4077 om)
440 4021 504 4080 port
519 4019 583 4067 haee
601 4018 646 4079 (n0
659 4018 713 4068 add
726 4017 792 4081 ipre)
805 4018 911 4068 Pilatus
926 4020 1031 4082 arripnit
1047 4019 1181 4080 epistolam
1195 4017 1227 4066 ad
1236 4011 1299 4062 erle·

120 4102 225 4151 Romam
239 4101 346 4151 Claudio
365 4101 409 4162 (nc
421 4101 475 4151 add
494 4102 656 4165 imperator-r)
673 4103 770 4151 diemo.
802 4101 885 4151 Porro
903 4102 964 4152 eder
981 4104 1125 4167 Pomaque
1140 4101 1222 4152 volem
1232 4093 1300 4146 Oetofl‘

119 4189 242 4236 nunciare
259 4188 321 4235 laea
339 4185 423 4236 omnia
440 4188 546 4248 aariprr't
563 4186 699 4250 epistolam
716 4187 812 4236 dicens.
844 4187 968 4250 Denique
983 4186 1043 4236 cod.
1056 4187 1120 4236 Hal.
1134 4201 1191 4236 oum
1202 4172 1297 4235 olfacit

120 4278 259 4339 praeterea
284 4288 346 4324 voro
370 4273 436 4324 haec
460 4275 628 4337 praemittit:
660 4274 732 4336 Qnae
753 4278 893 4338 sequnntur
913 4289 964 4322 non
988 4275 1128 4324 credantur
1145 4262 1297 4335 portaerem

119 4361 276 4425 eoanpelr'nrn
294 4359 435 4416 Nicodemr',
457 4375 608 4422 quamquam
625 4359 670 4408 aad
688 4360 775 4409 eadem
792 4362 955 4408 narrationis
973 4363 1039 4409 serie
1057 4363 1084 4408 in
1102 4356 1222 4409 nonnam
1235 4363 1296 4401 Μ·

118 4445 236 4507 plarr'bar
253 4444 419 4508 reperiantur
436 4444 580 4508 adscripta.
