<?xml version="1.0" encoding="UTF-8"?>
<!DOCTYPE html PUBLIC "-//W3C//DTD XHTML 1.0 Transitional//EN"
    "http://www.w3.org/TR/xhtml1/DTD/xhtml1-transitional.dtd">
<html xmlns="http://www.w3.org/1999/xhtml" xml:lang="en" lang="en">
 <head>
  <title>
</title>
<meta http-equiv="Content-Type" content="text/html;charset=utf-8" />
  <meta name='ocr-system' content='tesseract 3.04.00' />
  <meta name='ocr-capabilities' content='ocr_page ocr_carea ocr_par ocr_line ocrx_word'/>
</head>
<body>
  <div class='ocr_page' id='page_1' title='image "./evangeliaapocry01tiscgoog_0057.png"; bbox 0 0 2880 5062; ppageno 0'>
   <div class='ocr_carea' id='block_1_1' title="bbox 123 360 860 425">
    <p class='ocr_par' dir='ltr' id='par_1_1' title="bbox 123 360 860 425">
     <span class='ocr_line' id='line_1_1' title="bbox 123 360 860 425; baseline -0.004 -12"><span class='ocrx_word' id='word_1_1' title='bbox 123 380 145 425; x_wconf 72' lang='lat'>1,</span> <span class='ocrx_word' id='word_1_2' title='bbox 588 360 860 412; x_wconf 72' lang='lat' dir='ltr'>Psouuoommn.</span> 
     </span>
    </p>
   </div>
   <div class='ocr_carea' id='block_1_2' title="bbox 39 509 1285 3156">
    <p class='ocr_par' dir='ltr' id='par_1_2' title="bbox 39 509 1285 2931">
     <span class='ocr_line' id='line_1_2' title="bbox 39 509 1285 595; baseline -0.002 -17"><span class='ocrx_word' id='word_1_3' title='bbox 39 589 41 592; x_wconf 9' lang='lat' dir='ltr'>y</span> <span class='ocrx_word' id='word_1_4' title='bbox 122 512 180 578; x_wconf 84' lang='lat' dir='ltr'>sed</span> <span class='ocrx_word' id='word_1_5' title='bbox 204 513 304 578; x_wconf 85' lang='lat' dir='ltr'>etiarn</span> <span class='ocrx_word' id='word_1_6' title='bbox 326 531 421 595; x_wconf 89' lang='lat' dir='ltr'>syrus</span> <span class='ocrx_word' id='word_1_7' title='bbox 442 511 478 575; x_wconf 90' lang='lat' dir='ltr'>in</span> <span class='ocrx_word' id='word_1_8' title='bbox 499 510 593 576; x_wconf 88' lang='lat' dir='ltr'>libris</span> <span class='ocrx_word' id='word_1_9' title='bbox 616 531 692 575; x_wconf 89' lang='lat' dir='ltr'>mss.</span> <span class='ocrx_word' id='word_1_10' title='bbox 714 511 929 592; x_wconf 83' lang='lat' dir='ltr'>invenitur¹);</span> <span class='ocrx_word' id='word_1_11' title='bbox 952 509 1081 595; x_wconf 86' lang='lat' dir='ltr'>aSyris</span> <span class='ocrx_word' id='word_1_12' title='bbox 1095 530 1174 576; x_wconf 76' lang='lat' dir='ltr'>vero</span> <span class='ocrx_word' id='word_1_13' title='bbox 1199 511 1285 593; x_wconf 85' lang='lat' dir='ltr'>paril</span> 
     </span>
     <span class='ocr_line' id='line_1_3' title="bbox 123 621 1285 706; baseline -0.001 -18"><span class='ocrx_word' id='word_1_14' title='bbox 123 629 223 706; x_wconf 81' lang='lat' dir='ltr'>atque</span> <span class='ocrx_word' id='word_1_15' title='bbox 245 644 265 688; x_wconf 90' lang='lat' dir='ltr'>a</span> <span class='ocrx_word' id='word_1_16' title='bbox 288 622 404 706; x_wconf 79' lang='lat' dir='ltr'>Coptis</span> <span class='ocrx_word' id='word_1_17' title='bbox 427 627 640 688; x_wconf 85' lang='lat' dir='ltr'>monumenta</span> <span class='ocrx_word' id='word_1_18' title='bbox 663 621 768 687; x_wconf 85' lang='lat' dir='ltr'>multa</span> <span class='ocrx_word' id='word_1_19' title='bbox 794 622 991 704; x_wconf 89' lang='lat' dir='ltr'>praesertim</span> <span class='ocrx_word' id='word_1_20' title='bbox 1018 622 1201 706; x_wconf 80' lang='lat' dir='ltr'>theologici</span> <span class='ocrx_word' id='word_1_21' title='bbox 1228 643 1285 706; x_wconf 87' lang='lat' dir='ltr'>arg</span> 
     </span>
     <span class='ocr_line' id='line_1_4' title="bbox 121 730 1285 816; baseline 0 -17"><span class='ocrx_word' id='word_1_22' title='bbox 121 735 225 801; x_wconf 86' lang='lat' dir='ltr'>menti</span> <span class='ocrx_word' id='word_1_23' title='bbox 256 734 298 800; x_wconf 88' lang='lat' dir='ltr'>ad</span> <span class='ocrx_word' id='word_1_24' title='bbox 328 735 458 799; x_wconf 90' lang='lat' dir='ltr'>litteras</span> <span class='ocrx_word' id='word_1_25' title='bbox 488 733 640 799; x_wconf 84' lang='lat' dir='ltr'>Arabum</span> <span class='ocrx_word' id='word_1_26' title='bbox 672 730 938 798; x_wconf 84' lang='lat' dir='ltr'>Christianorum</span> <span class='ocrx_word' id='word_1_27' title='bbox 968 735 1193 799; x_wconf 85' lang='lat' dir='ltr'>transierunt:</span> <span class='ocrx_word' id='word_1_28' title='bbox 1226 755 1285 816; x_wconf 80' lang='lat' dir='ltr'>qua</span> 
     </span>
     <span class='ocr_line' id='line_1_5' title="bbox 122 840 1284 914; baseline 0.003 -3"><span class='ocrx_word' id='word_1_29' title='bbox 122 867 192 913; x_wconf 90' lang='lat' dir='ltr'>rem</span> <span class='ocrx_word' id='word_1_30' title='bbox 213 840 396 910; x_wconf 85' lang='lat' dir='ltr'>luculenter</span> <span class='ocrx_word' id='word_1_31' title='bbox 417 850 562 911; x_wconf 86' lang='lat' dir='ltr'>testatur</span> <span class='ocrx_word' id='word_1_32' title='bbox 584 846 710 910; x_wconf 78' lang='lat' dir='ltr'>arabici</span> <span class='ocrx_word' id='word_1_33' title='bbox 732 845 910 911; x_wconf 88' lang='lat' dir='ltr'>bibliorum</span> <span class='ocrx_word' id='word_1_34' title='bbox 931 850 1043 910; x_wconf 85' lang='lat' dir='ltr'>textus</span> <span class='ocrx_word' id='word_1_35' title='bbox 1064 845 1215 911; x_wconf 87' lang='lat' dir='ltr'>historia.</span> <span class='ocrx_word' id='word_1_36' title='bbox 1260 845 1284 914; x_wconf 87' lang='lat' dir='ltr'>S</span> 
     </span>
     <span class='ocr_line' id='line_1_6' title="bbox 122 942 1285 1040; baseline -0.001 -16"><span class='ocrx_word' id='word_1_37' title='bbox 122 959 165 1024; x_wconf 89' lang='lat' dir='ltr'>ab</span> <span class='ocrx_word' id='word_1_38' title='bbox 185 957 249 1022; x_wconf 84' lang='lat' dir='ltr'>hac</span> <span class='ocrx_word' id='word_1_39' title='bbox 270 956 458 1039; x_wconf 82' lang='lat' dir='ltr'>suspicione</span> <span class='ocrx_word' id='word_1_40' title='bbox 479 942 673 1035; x_wconf 49' lang='lat' dir='ltr'>ad&#39;tantam</span> <span class='ocrx_word' id='word_1_41' title='bbox 690 955 968 1040; x_wconf 89' lang='lat' dir='ltr'>progrediendum</span> <span class='ocrx_word' id='word_1_42' title='bbox 986 961 1038 1021; x_wconf 87' lang='lat' dir='ltr'>est</span> <span class='ocrx_word' id='word_1_43' title='bbox 1051 957 1285 1039; x_wconf 70' lang='lat' dir='ltr'>probabilitate</span> 
     </span>
     <span class='ocr_line' id='line_1_7' title="bbox 122 1066 1285 1134; baseline 0 0"><span class='ocrx_word' id='word_1_44' title='bbox 122 1074 160 1134; x_wconf 87' lang='lat' dir='ltr'>ut</span> <span class='ocrx_word' id='word_1_45' title='bbox 181 1088 221 1133; x_wconf 89' lang='lat' dir='ltr'>ea</span> <span class='ocrx_word' id='word_1_46' title='bbox 235 1067 275 1133; x_wconf 92' lang='lat' dir='ltr'>de</span> <span class='ocrx_word' id='word_1_47' title='bbox 297 1088 333 1133; x_wconf 82' lang='lat' dir='ltr'>re</span> <span class='ocrx_word' id='word_1_48' title='bbox 356 1089 424 1132; x_wconf 90' lang='lat' dir='ltr'>non</span> <span class='ocrx_word' id='word_1_49' title='bbox 438 1066 592 1132; x_wconf 84' lang='lat' dir='ltr'>dubitare</span> <span class='ocrx_word' id='word_1_50' title='bbox 610 1067 719 1133; x_wconf 90' lang='lat' dir='ltr'>liceat.</span> <span class='ocrx_word' id='word_1_51' title='bbox 762 1066 884 1132; x_wconf 77' lang='lat' dir='ltr'>insunt</span> <span class='ocrx_word' id='word_1_52' title='bbox 906 1069 1050 1133; x_wconf 89' lang='lat' dir='ltr'>enimin</span> <span class='ocrx_word' id='word_1_53' title='bbox 1072 1068 1207 1134; x_wconf 88' lang='lat' dir='ltr'>arabico</span> <span class='ocrx_word' id='word_1_54' title='bbox 1231 1074 1285 1134; x_wconf 85' lang='lat' dir='ltr'>tex</span> 
     </span>
     <span class='ocr_line' id='line_1_8' title="bbox 122 1178 1285 1264; baseline 0 -18"><span class='ocrx_word' id='word_1_55' title='bbox 122 1201 206 1264; x_wconf 91' lang='lat' dir='ltr'>quae</span> <span class='ocrx_word' id='word_1_56' title='bbox 233 1179 353 1246; x_wconf 85' lang='lat' dir='ltr'>debent</span> <span class='ocrx_word' id='word_1_57' title='bbox 381 1200 398 1243; x_wconf 90' lang='lat' dir='ltr'>e</span> <span class='ocrx_word' id='word_1_58' title='bbox 427 1179 556 1263; x_wconf 88' lang='lat' dir='ltr'>syriaco</span> <span class='ocrx_word' id='word_1_59' title='bbox 591 1178 743 1244; x_wconf 84' lang='lat' dir='ltr'>derivari.</span> <span class='ocrx_word' id='word_1_60' title='bbox 794 1179 970 1245; x_wconf 78' lang='lat' dir='ltr'>Eiusmodi</span> <span class='ocrx_word' id='word_1_61' title='bbox 1007 1184 1059 1245; x_wconf 87' lang='lat' dir='ltr'>est</span> <span class='ocrx_word' id='word_1_62' title='bbox 1089 1179 1179 1262; x_wconf 91' lang='lat' dir='ltr'>quod</span> <span class='ocrx_word' id='word_1_63' title='bbox 1216 1200 1285 1246; x_wconf 89' lang='lat' dir='ltr'>ann</span> 
     </span>
     <span class='ocr_line' id='line_1_9' title="bbox 121 1291 1285 1375; baseline -0.002 -17"><span class='ocrx_word' id='word_1_64' title='bbox 121 1291 265 1375; x_wconf 85' lang='lat' dir='ltr'>epochae</span> <span class='ocrx_word' id='word_1_65' title='bbox 289 1291 495 1359; x_wconf 84' lang='lat' dir='ltr'>Graecorum</span> <span class='ocrx_word' id='word_1_66' title='bbox 518 1292 595 1373; x_wconf 86' lang='lat'>309,</span> <span class='ocrx_word' id='word_1_67' title='bbox 626 1311 692 1373; x_wconf 90' lang='lat' dir='ltr'>quo</span> <span class='ocrx_word' id='word_1_68' title='bbox 715 1291 868 1356; x_wconf 78' lang='lat' dir='ltr'>Christus</span> <span class='ocrx_word' id='word_1_69' title='bbox 895 1298 994 1355; x_wconf 85' lang='lat' dir='ltr'>natus</span> <span class='ocrx_word' id='word_1_70' title='bbox 1022 1311 1094 1356; x_wconf 86' lang='lat' dir='ltr'>esse</span> <span class='ocrx_word' id='word_1_71' title='bbox 1121 1291 1248 1356; x_wconf 87' lang='lat' dir='ltr'>dicitur</span> <span class='ocrx_word' id='word_1_72' title='bbox 1276 1313 1285 1356; x_wconf 85' lang='lat'><strong>&lt;</strong></span> 
     </span>
     <span class='ocr_line' id='line_1_10' title="bbox 121 1399 1284 1486; baseline 0 -18"><span class='ocrx_word' id='word_1_73' title='bbox 121 1404 190 1486; x_wconf 88' lang='lat' dir='ltr'>pite</span> <span class='ocrx_word' id='word_1_74' title='bbox 205 1401 264 1484; x_wconf 63' lang='grc' dir='ltr'>Π.</span> <span class='ocrx_word' id='word_1_75' title='bbox 287 1423 361 1467; x_wconf 89' lang='lat' dir='ltr'>cum</span> <span class='ocrx_word' id='word_1_76' title='bbox 382 1403 547 1467; x_wconf 88' lang='lat' dir='ltr'>communi</span> <span class='ocrx_word' id='word_1_77' title='bbox 570 1399 730 1484; x_wconf 82' lang='lat' dir='ltr'>Syrorum</span> <span class='ocrx_word' id='word_1_78' title='bbox 752 1401 792 1466; x_wconf 93' lang='lat' dir='ltr'>de</span> <span class='ocrx_word' id='word_1_79' title='bbox 816 1423 855 1468; x_wconf 85' lang='lat' dir='ltr'>ea</span> <span class='ocrx_word' id='word_1_80' title='bbox 876 1423 912 1467; x_wconf 89' lang='lat' dir='ltr'>re</span> <span class='ocrx_word' id='word_1_81' title='bbox 936 1403 1102 1467; x_wconf 84' lang='lat' dir='ltr'>sententia</span> <span class='ocrx_word' id='word_1_82' title='bbox 1125 1404 1284 1468; x_wconf 82' lang='lat' dir='ltr'>convenit</span> 
     </span>
     <span class='ocr_line' id='line_1_11' title="bbox 121 1512 1285 1597; baseline -0.001 -18"><span class='ocrx_word' id='word_1_83' title='bbox 121 1533 207 1597; x_wconf 89' lang='lat' dir='ltr'>quae</span> <span class='ocrx_word' id='word_1_84' title='bbox 237 1514 337 1578; x_wconf 84' lang='lat' dir='ltr'>etiam</span> <span class='ocrx_word' id='word_1_85' title='bbox 368 1512 456 1596; x_wconf 90' lang='lat' dir='ltr'>apud</span> <span class='ocrx_word' id='word_1_86' title='bbox 477 1512 735 1596; x_wconf 84' lang='lat' dir='ltr'>Abulfaragium</span> <span class='ocrx_word' id='word_1_87' title='bbox 764 1514 1040 1596; x_wconf 87' lang='lat' dir='ltr'>(Barhebraeum)</span> <span class='ocrx_word' id='word_1_88' title='bbox 1073 1513 1285 1579; x_wconf 80' lang='lat' dir='ltr'>celeberrimo</span> 
     </span>
     <span class='ocr_line' id='line_1_12' title="bbox 119 1624 1277 1710; baseline -0.001 -20"><span class='ocrx_word' id='word_1_89' title='bbox 119 1625 353 1690; x_wconf 54' lang='lat' dir='ltr'>Iaoobitarum‘</span> <span class='ocrx_word' id='word_1_90' title='bbox 369 1626 560 1708; x_wconf 83' lang='lat' dir='ltr'>episcopum</span> <span class='ocrx_word' id='word_1_91' title='bbox 588 1646 672 1690; x_wconf 87' lang='lat' dir='ltr'>saec.</span> <span class='ocrx_word' id='word_1_92' title='bbox 691 1624 799 1690; x_wconf 88' lang='lat' dir='ltr'><strong>XIII.</strong></span> <span class='ocrx_word' id='word_1_93' title='bbox 821 1625 943 1709; x_wconf 88' lang='lat' dir='ltr'>legitur</span> <span class='ocrx_word' id='word_1_94' title='bbox 952 1625 988 1710; x_wconf 72' lang='grc'>8).</span> <span class='ocrx_word' id='word_1_95' title='bbox 1032 1624 1140 1691; x_wconf 90' lang='lat' dir='ltr'>Porro</span> <span class='ocrx_word' id='word_1_96' title='bbox 1164 1627 1277 1708; x_wconf 87' lang='lat' dir='ltr'>capite</span> 
     </span>
     <span class='ocr_line' id='line_1_13' title="bbox 121 1735 1285 1820; baseline 0 -19"><span class='ocrx_word' id='word_1_97' title='bbox 121 1735 282 1818; x_wconf 83' lang='lat' dir='ltr'>Iosephus</span> <span class='ocrx_word' id='word_1_98' title='bbox 310 1736 488 1801; x_wconf 86' lang='lat' dir='ltr'>historicus</span> <span class='ocrx_word' id='word_1_99' title='bbox 517 1757 590 1800; x_wconf 89' lang='lat' dir='ltr'>cum</span> <span class='ocrx_word' id='word_1_100' title='bbox 617 1736 766 1820; x_wconf 79' lang='lat' dir='ltr'>Oaiapha</span> <span class='ocrx_word' id='word_1_101' title='bbox 794 1736 949 1820; x_wconf 84' lang='lat' dir='ltr'>pontifice</span> <span class='ocrx_word' id='word_1_102' title='bbox 977 1737 1206 1819; x_wconf 82' lang='lat' dir='ltr'>confunditur,</span> <span class='ocrx_word' id='word_1_103' title='bbox 1236 1757 1285 1818; x_wconf 91' lang='lat' dir='ltr'>qn</span> 
     </span>
     <span class='ocr_line' id='line_1_14' title="bbox 121 1846 1285 1931; baseline 0.001 -20"><span class='ocrx_word' id='word_1_104' title='bbox 121 1867 236 1912; x_wconf 88' lang='lat' dir='ltr'>rursus</span> <span class='ocrx_word' id='word_1_105' title='bbox 262 1847 429 1930; x_wconf 79' lang='lat' dir='ltr'>peculiare</span> <span class='ocrx_word' id='word_1_106' title='bbox 457 1854 507 1912; x_wconf 83' lang='lat' dir='ltr'>est</span> <span class='ocrx_word' id='word_1_107' title='bbox 535 1846 642 1931; x_wconf 81' lang='lat' dir='ltr'>Syris,</span> <span class='ocrx_word' id='word_1_108' title='bbox 677 1848 952 1931; x_wconf 83' lang='lat' dir='ltr'>quemadmodum</span> <span class='ocrx_word' id='word_1_109' title='bbox 980 1848 1081 1912; x_wconf 90' lang='lat' dir='ltr'>etiam</span> <span class='ocrx_word' id='word_1_110' title='bbox 1108 1846 1143 1912; x_wconf 94' lang='lat' dir='ltr'>in</span> <span class='ocrx_word' id='word_1_111' title='bbox 1172 1846 1285 1931; x_wconf 81' lang='lat' dir='ltr'>Georg</span> 
     </span>
     <span class='ocr_line' id='line_1_15' title="bbox 92 1942 1285 2025; baseline 0.001 -3"><span class='ocrx_word' id='word_1_112' title='bbox 92 1942 298 2024; x_wconf 77' lang='lat' dir='ltr'>¹Mosulano</span> <span class='ocrx_word' id='word_1_113' title='bbox 330 1965 363 2024; x_wconf 83' lang='lat' dir='ltr'>et</span> <span class='ocrx_word' id='word_1_114' title='bbox 395 1957 572 2024; x_wconf 81' lang='lat' dir='ltr'>Salomone</span> <span class='ocrx_word' id='word_1_115' title='bbox 599 1959 798 2024; x_wconf 87' lang='lat' dir='ltr'>Bassorensi</span> <span class='ocrx_word' id='word_1_116' title='bbox 830 1960 1039 2025; x_wconf 86' lang='lat' dir='ltr'>observatum</span> <span class='ocrx_word' id='word_1_117' title='bbox 1070 1965 1122 2024; x_wconf 84' lang='lat' dir='ltr'>est</span> <span class='ocrx_word' id='word_1_118' title='bbox 1152 1960 1196 2024; x_wconf 91' lang='lat' dir='ltr'>ab</span> <span class='ocrx_word' id='word_1_119' title='bbox 1224 1961 1285 2025; x_wconf 76' lang='lat' dir='ltr'>Asi</span> 
     </span>
     <span class='ocr_line' id='line_1_16' title="bbox 120 2068 1285 2153; baseline 0 -19"><span class='ocrx_word' id='word_1_120' title='bbox 120 2090 218 2135; x_wconf 90' lang='lat' dir='ltr'>mano</span> <span class='ocrx_word' id='word_1_121' title='bbox 229 2070 266 2151; x_wconf 84' lang='lat'>⁴).</span> <span class='ocrx_word' id='word_1_122' title='bbox 315 2070 466 2134; x_wconf 77' lang='lat' dir='ltr'>Tertium</span> <span class='ocrx_word' id='word_1_123' title='bbox 497 2070 664 2152; x_wconf 87' lang='lat' dir='ltr'>estquod</span> <span class='ocrx_word' id='word_1_124' title='bbox 695 2092 734 2136; x_wconf 89' lang='lat' dir='ltr'>ea</span> <span class='ocrx_word' id='word_1_125' title='bbox 760 2091 825 2136; x_wconf 82' lang='lat' dir='ltr'>vox</span> <span class='ocrx_word' id='word_1_126' title='bbox 853 2091 919 2153; x_wconf 91' lang='lat' dir='ltr'>qua</span> <span class='ocrx_word' id='word_1_127' title='bbox 949 2072 1073 2153; x_wconf 90' lang='lat' dir='ltr'>passim</span> <span class='ocrx_word' id='word_1_128' title='bbox 1095 2068 1209 2135; x_wconf 88' lang='lat' dir='ltr'>Maria</span> <span class='ocrx_word' id='word_1_129' title='bbox 1240 2071 1285 2136; x_wconf 84' lang='lat' dir='ltr'>sai</span> 
     </span>
     <span class='ocr_line' id='line_1_17' title="bbox 120 2181 1279 2265; baseline 0.002 -21"><span class='ocrx_word' id='word_1_130' title='bbox 120 2186 226 2263; x_wconf 84' lang='lat' dir='ltr'>tatur,</span> <span class='ocrx_word' id='word_1_131' title='bbox 256 2187 295 2246; x_wconf 87' lang='lat' dir='ltr'>ut</span> <span class='ocrx_word' id='word_1_132' title='bbox 319 2181 412 2263; x_wconf 81' lang='lat' dir='ltr'>Syris</span> <span class='ocrx_word' id='word_1_133' title='bbox 441 2187 492 2246; x_wconf 85' lang='lat' dir='ltr'>est</span> <span class='ocrx_word' id='word_1_134' title='bbox 519 2182 668 2264; x_wconf 86' lang='lat' dir='ltr'>propria,</span> <span class='ocrx_word' id='word_1_135' title='bbox 699 2183 748 2246; x_wconf 91' lang='lat' dir='ltr'>ita</span> <span class='ocrx_word' id='word_1_136' title='bbox 770 2182 941 2246; x_wconf 88' lang='lat' dir='ltr'>Arabibus</span> <span class='ocrx_word' id='word_1_137' title='bbox 969 2182 1051 2246; x_wconf 88' lang='lat' dir='ltr'>alias</span> <span class='ocrx_word' id='word_1_138' title='bbox 1079 2182 1198 2265; x_wconf 84' lang='lat' dir='ltr'>ignota</span> <span class='ocrx_word' id='word_1_139' title='bbox 1227 2187 1279 2247; x_wconf 88' lang='lat' dir='ltr'>est</span> 
     </span>
     <span class='ocr_line' id='line_1_18' title="bbox 120 2290 1285 2376; baseline 0.003 -21"><span class='ocrx_word' id='word_1_140' title='bbox 120 2290 274 2374; x_wconf 87' lang='lat' dir='ltr'>Denique</span> <span class='ocrx_word' id='word_1_141' title='bbox 297 2298 554 2357; x_wconf 87' lang='lat' dir='ltr'>consentaneum</span> <span class='ocrx_word' id='word_1_142' title='bbox 576 2298 636 2375; x_wconf 82' lang='lat' dir='ltr'>est,</span> <span class='ocrx_word' id='word_1_143' title='bbox 661 2315 727 2376; x_wconf 89' lang='lat' dir='ltr'>quo</span> <span class='ocrx_word' id='word_1_144' title='bbox 750 2298 945 2375; x_wconf 89' lang='lat' dir='ltr'>argumento</span> <span class='ocrx_word' id='word_1_145' title='bbox 967 2293 1019 2358; x_wconf 87' lang='lat' dir='ltr'>La</span> <span class='ocrx_word' id='word_1_146' title='bbox 1041 2292 1147 2359; x_wconf 79' lang='lat' dir='ltr'>Oroze</span> <span class='ocrx_word' id='word_1_147' title='bbox 1169 2312 1285 2358; x_wconf 86' lang='lat' dir='ltr'>nsuse</span> 
     </span>
     <span class='ocr_line' id='line_1_19' title="bbox 120 2398 1285 2487; baseline 0.001 -20"><span class='ocrx_word' id='word_1_148' title='bbox 120 2402 163 2467; x_wconf 86' lang='lat' dir='ltr'>ad</span> <span class='ocrx_word' id='word_1_149' title='bbox 193 2398 407 2485; x_wconf 90' lang='lat' dir='ltr'>probandum</span> <span class='ocrx_word' id='word_1_150' title='bbox 431 2404 599 2487; x_wconf 86' lang='lat' dir='ltr'>ingenium</span> <span class='ocrx_word' id='word_1_151' title='bbox 629 2402 706 2469; x_wconf 91' lang='lat' dir='ltr'>libri</span> <span class='ocrx_word' id='word_1_152' title='bbox 736 2405 844 2469; x_wconf 89' lang='lat' dir='ltr'>nostri</span> <span class='ocrx_word' id='word_1_153' title='bbox 874 2402 1127 2485; x_wconf 87' lang='lat' dir='ltr'>Nestorianum,</span> <span class='ocrx_word' id='word_1_154' title='bbox 1159 2404 1249 2470; x_wconf 92' lang='lat' dir='ltr'>idem</span> <span class='ocrx_word' id='word_1_155' title='bbox 1275 2425 1285 2468; x_wconf 84' lang='lat' dir='ltr'>a</span> 
     </span>
     <span class='ocr_line' id='line_1_20' title="bbox 122 2512 1285 2598; baseline -0.001 -18"><span class='ocrx_word' id='word_1_156' title='bbox 122 2512 379 2580; x_wconf 87' lang='lat' dir='ltr'>confirmandam</span> <span class='ocrx_word' id='word_1_157' title='bbox 407 2535 516 2598; x_wconf 87' lang='lat' dir='ltr'>syram</span> <span class='ocrx_word' id='word_1_158' title='bbox 542 2516 703 2597; x_wconf 83' lang='lat' dir='ltr'>originem</span> <span class='ocrx_word' id='word_1_159' title='bbox 725 2514 890 2580; x_wconf 87' lang='lat' dir='ltr'>adhibere.</span> <span class='ocrx_word' id='word_1_160' title='bbox 935 2514 1133 2581; x_wconf 76' lang='lat' dir='ltr'>Obseruauit</span> <span class='ocrx_word' id='word_1_161' title='bbox 1156 2515 1285 2580; x_wconf 85' lang='lat' dir='ltr'>enirnil</span> 
     </span>
     <span class='ocr_line' id='line_1_21' title="bbox 122 2622 1284 2711; baseline 0.002 -22"><span class='ocrx_word' id='word_1_162' title='bbox 122 2625 360 2708; x_wconf 76' lang='lat' dir='ltr'>appellationes</span> <span class='ocrx_word' id='word_1_163' title='bbox 385 2623 403 2689; x_wconf 84' lang='grc' dir='ltr'>ὁ</span> <span class='ocrx_word' id='word_1_164' title='bbox 426 2626 607 2690; x_wconf 71' lang='grc' dir='ltr'>δεσωότκσ</span> <span class='ocrx_word' id='word_1_165' title='bbox 629 2626 783 2710; x_wconf 77' lang='grc' dir='ltr'>Χριστόσ</span> <span class='ocrx_word' id='word_1_166' title='bbox 807 2632 840 2691; x_wconf 85' lang='lat' dir='ltr'>et</span> <span class='ocrx_word' id='word_1_167' title='bbox 866 2626 884 2689; x_wconf 86' lang='grc' dir='ltr'>ὁ</span> <span class='ocrx_word' id='word_1_168' title='bbox 907 2627 1018 2711; x_wconf 76' lang='grc' dir='ltr'>κύριοσ</span> <span class='ocrx_word' id='word_1_169' title='bbox 1034 2622 1172 2690; x_wconf 71' lang='lat' dir='ltr'>*lusorio</span> <span class='ocrx_word' id='word_1_170' title='bbox 1192 2628 1229 2691; x_wconf 85' lang='lat' dir='ltr'>in</span> <span class='ocrx_word' id='word_1_171' title='bbox 1250 2647 1284 2691; x_wconf 85' lang='lat' dir='ltr'>ar</span> 
     </span>
     <span class='ocr_line' id='line_1_22' title="bbox 121 2737 1285 2820; baseline 0.001 -19"><span class='ocrx_word' id='word_1_172' title='bbox 121 2737 195 2802; x_wconf 90' lang='lat' dir='ltr'>bico</span> <span class='ocrx_word' id='word_1_173' title='bbox 225 2737 394 2820; x_wconf 84' lang='lat' dir='ltr'>evangelio</span> <span class='ocrx_word' id='word_1_174' title='bbox 421 2737 581 2804; x_wconf 82' lang='lat' dir='ltr'>infantiae</span> <span class='ocrx_word' id='word_1_175' title='bbox 609 2759 649 2802; x_wconf 89' lang='lat' dir='ltr'>ex</span> <span class='ocrx_word' id='word_1_176' title='bbox 677 2739 843 2803; x_wconf 83' lang='lat' dir='ltr'>constanti</span> <span class='ocrx_word' id='word_1_177' title='bbox 871 2737 1151 2803; x_wconf 88' lang='lat' dir='ltr'>Nestorianorum</span> <span class='ocrx_word' id='word_1_178' title='bbox 1182 2760 1245 2803; x_wconf 91' lang='lat' dir='ltr'>usn</span> <span class='ocrx_word' id='word_1_179' title='bbox 1273 2737 1285 2802; x_wconf 88' lang='lat' dir='ltr'>d</span> 
     </span>
     <span class='ocr_line' id='line_1_23' title="bbox 123 2848 295 2931; baseline 0.006 -19"><span class='ocrx_word' id='word_1_180' title='bbox 123 2849 249 2931; x_wconf 81' lang='lat' dir='ltr'>stingui</span> <span class='ocrx_word' id='word_1_181' title='bbox 259 2848 295 2930; x_wconf 73' lang='lat'>⁶).</span> 
     </span>
    </p>

    <p class='ocr_par' dir='ltr' id='par_1_3' title="bbox 123 2958 1285 3156">
     <span class='ocr_line' id='line_1_24' title="bbox 210 2958 1285 3043; baseline 0.001 -20"><span class='ocrx_word' id='word_1_182' title='bbox 210 2958 304 3043; x_wconf 82' lang='lat' dir='ltr'>Quae</span> <span class='ocrx_word' id='word_1_183' title='bbox 327 2961 459 3042; x_wconf 92' lang='lat' dir='ltr'>quidem</span> <span class='ocrx_word' id='word_1_184' title='bbox 487 2981 581 3042; x_wconf 84' lang='lat' dir='ltr'>syrae</span> <span class='ocrx_word' id='word_1_185' title='bbox 611 2961 749 3042; x_wconf 87' lang='lat' dir='ltr'>originis</span> <span class='ocrx_word' id='word_1_186' title='bbox 777 2965 973 3042; x_wconf 85' lang='lat' dir='ltr'>argumenta</span> <span class='ocrx_word' id='word_1_187' title='bbox 1001 2980 1041 3024; x_wconf 88' lang='lat' dir='ltr'>ex</span> <span class='ocrx_word' id='word_1_188' title='bbox 1064 2960 1138 3042; x_wconf 88' lang='lat' dir='ltr'>ipso</span> <span class='ocrx_word' id='word_1_189' title='bbox 1160 2959 1246 3025; x_wconf 91' lang='lat' dir='ltr'>libro</span> <span class='ocrx_word' id='word_1_190' title='bbox 1270 2959 1285 3024; x_wconf 89' lang='lat' dir='ltr'>d</span> 
     </span>
     <span class='ocr_line' id='line_1_25' title="bbox 123 3069 1285 3156; baseline -0.003 -22"><span class='ocrx_word' id='word_1_191' title='bbox 123 3076 232 3135; x_wconf 83' lang='lat' dir='ltr'>sumta</span> <span class='ocrx_word' id='word_1_192' title='bbox 260 3076 345 3135; x_wconf 92' lang='lat' dir='ltr'>sunt.</span> <span class='ocrx_word' id='word_1_193' title='bbox 390 3070 525 3155; x_wconf 82' lang='lat' dir='ltr'>Quanta</span> <span class='ocrx_word' id='word_1_194' title='bbox 547 3092 624 3136; x_wconf 89' lang='lat' dir='ltr'>vero</span> <span class='ocrx_word' id='word_1_195' title='bbox 647 3072 710 3136; x_wconf 93' lang='lat' dir='ltr'>hoc</span> <span class='ocrx_word' id='word_1_196' title='bbox 732 3071 937 3154; x_wconf 82' lang='lat' dir='ltr'>evangelium</span> <span class='ocrx_word' id='word_1_197' title='bbox 961 3071 1048 3153; x_wconf 92' lang='lat' dir='ltr'>apud</span> <span class='ocrx_word' id='word_1_198' title='bbox 1072 3069 1175 3154; x_wconf 81' lang='lat' dir='ltr'>Syros</span> <span class='ocrx_word' id='word_1_199' title='bbox 1200 3092 1285 3156; x_wconf 58' lang='lat' dir='ltr'>eosq]</span> 
     </span>
    </p>
   </div>
   <div class='ocr_carea' id='block_1_3' title="bbox 123 3316 1285 3641">
    <p class='ocr_par' dir='ltr' id='par_1_4' title="bbox 123 3316 1285 3641">
     <span class='ocr_line' id='line_1_26' title="bbox 212 3316 1285 3384; baseline 0.004 -16"><span class='ocrx_word' id='word_1_200' title='bbox 212 3316 234 3381; x_wconf 85' lang='lat'>1)</span> <span class='ocrx_word' id='word_1_201' title='bbox 253 3316 293 3370; x_wconf 77' lang='lat' dir='ltr'>Cf.</span> <span class='ocrx_word' id='word_1_202' title='bbox 311 3320 449 3369; x_wconf 78' lang='lat' dir='ltr'>Asssman.</span> <span class='ocrx_word' id='word_1_203' title='bbox 464 3319 529 3369; x_wconf 90' lang='lat' dir='ltr'>blbl.</span> <span class='ocrx_word' id='word_1_204' title='bbox 542 3321 639 3370; x_wconf 80' lang='lat' dir='ltr'>orient.</span> <span class='ocrx_word' id='word_1_205' title='bbox 652 3319 673 3369; x_wconf 93' lang='lat'>1.</span> <span class='ocrx_word' id='word_1_206' title='bbox 692 3336 718 3384; x_wconf 88' lang='lat' dir='ltr'>p.</span> <span class='ocrx_word' id='word_1_207' title='bbox 731 3321 790 3369; x_wconf 77' lang='lat'>585.</span> <span class='ocrx_word' id='word_1_208' title='bbox 810 3321 856 3370; x_wconf 88' lang='lat' dir='ltr'>nbi</span> <span class='ocrx_word' id='word_1_209' title='bbox 872 3323 1037 3370; x_wconf 79' lang='lat' dir='ltr'>Barooenses</span> <span class='ocrx_word' id='word_1_210' title='bbox 1056 3320 1163 3371; x_wconf 83' lang='lat' dir='ltr'>codices</span> <span class='ocrx_word' id='word_1_211' title='bbox 1182 3337 1285 3372; x_wconf 73' lang='lat' dir='ltr'>recensi</span> 
     </span>
     <span class='ocr_line' id='line_1_27' title="bbox 123 3406 1277 3474; baseline 0.003 -18"><span class='ocrx_word' id='word_1_212' title='bbox 123 3412 181 3466; x_wconf 84' lang='lat' dir='ltr'>tur,</span> <span class='ocrx_word' id='word_1_213' title='bbox 209 3407 367 3470; x_wconf 82' lang='lat' dir='ltr'>inquorum</span> <span class='ocrx_word' id='word_1_214' title='bbox 390 3408 474 3471; x_wconf 84' lang='lat' dir='ltr'>primo</span> <span class='ocrx_word' id='word_1_215' title='bbox 497 3407 597 3471; x_wconf 84' lang='lat' dir='ltr'>legitur</span> <span class='ocrx_word' id='word_1_216' title='bbox 619 3407 787 3472; x_wconf 75' lang='lat' dir='ltr'>evangelium</span> <span class='ocrx_word' id='word_1_217' title='bbox 806 3407 839 3458; x_wconf 88' lang='lat' dir='ltr'>da</span> <span class='ocrx_word' id='word_1_218' title='bbox 863 3408 981 3458; x_wconf 79' lang='lat' dir='ltr'>infantia</span> <span class='ocrx_word' id='word_1_219' title='bbox 1000 3406 1103 3458; x_wconf 83' lang='lat' dir='ltr'>Christi</span> <span class='ocrx_word' id='word_1_220' title='bbox 1127 3414 1156 3458; x_wconf 78' lang='lat' dir='ltr'>st</span> <span class='ocrx_word' id='word_1_221' title='bbox 1174 3411 1277 3474; x_wconf 75' lang='lat' dir='ltr'>syriaca</span> 
     </span>
     <span class='ocr_line' id='line_1_28' title="bbox 123 3491 1274 3558; baseline 0.002 -16"><span class='ocrx_word' id='word_1_222' title='bbox 123 3492 242 3549; x_wconf 81' lang='lat' dir='ltr'>arabica,</span> <span class='ocrx_word' id='word_1_223' title='bbox 266 3495 381 3555; x_wconf 85' lang='lat' dir='ltr'>utroquo</span> <span class='ocrx_word' id='word_1_224' title='bbox 404 3495 482 3541; x_wconf 81' lang='lat' dir='ltr'>textu</span> <span class='ocrx_word' id='word_1_225' title='bbox 502 3491 603 3542; x_wconf 85' lang='lat' dir='ltr'>litteris</span> <span class='ocrx_word' id='word_1_226' title='bbox 623 3500 731 3542; x_wconf 75' lang='lat' dir='ltr'>exarato</span> <span class='ocrx_word' id='word_1_227' title='bbox 750 3493 870 3558; x_wconf 71' lang='lat' dir='ltr'>syriacis.</span> <span class='ocrx_word' id='word_1_228' title='bbox 906 3493 1031 3544; x_wconf 83' lang='lat' dir='ltr'>Eiusdem</span> <span class='ocrx_word' id='word_1_229' title='bbox 1050 3493 1152 3543; x_wconf 87' lang='lat' dir='ltr'>codicis</span> <span class='ocrx_word' id='word_1_230' title='bbox 1170 3495 1274 3544; x_wconf 82' lang='lat' dir='ltr'>mentio</span> 
     </span>
     <span class='ocr_line' id='line_1_29' title="bbox 123 3573 1285 3641; baseline 0.003 -16"><span class='ocrx_word' id='word_1_231' title='bbox 123 3581 189 3625; x_wconf 78' lang='lat' dir='ltr'>tom.</span> <span class='ocrx_word' id='word_1_232' title='bbox 209 3574 261 3624; x_wconf 88' lang='lat'>111.</span> <span class='ocrx_word' id='word_1_233' title='bbox 282 3579 352 3638; x_wconf 85' lang='lat' dir='ltr'>part.</span> <span class='ocrx_word' id='word_1_234' title='bbox 371 3573 394 3624; x_wconf 94' lang='lat'>1.</span> <span class='ocrx_word' id='word_1_235' title='bbox 415 3591 475 3640; x_wconf 87' lang='lat' dir='ltr'>pag.</span> <span class='ocrx_word' id='word_1_236' title='bbox 492 3577 551 3625; x_wconf 88' lang='grc'><strong>282.</strong></span> <span class='ocrx_word' id='word_1_237' title='bbox 570 3577 598 3624; x_wconf 93' lang='lat' dir='ltr'>in</span> <span class='ocrx_word' id='word_1_238' title='bbox 616 3576 693 3624; x_wconf 85' lang='lat' dir='ltr'>libris</span> <span class='ocrx_word' id='word_1_239' title='bbox 713 3592 823 3640; x_wconf 85' lang='lat' dir='ltr'>qnorum</span> <span class='ocrx_word' id='word_1_240' title='bbox 842 3577 936 3641; x_wconf 71' lang='lat' dir='ltr'>ignota</span> <span class='ocrx_word' id='word_1_241' title='bbox 955 3582 1019 3626; x_wconf 83' lang='lat' dir='ltr'>sunt</span> <span class='ocrx_word' id='word_1_242' title='bbox 1040 3582 1179 3627; x_wconf 86' lang='lat' dir='ltr'>anctorum</span> <span class='ocrx_word' id='word_1_243' title='bbox 1204 3579 1285 3628; x_wconf 84' lang='lat' dir='ltr'>nomir</span> 
     </span>
    </p>
   </div>
   <div class='ocr_carea' id='block_1_4' title="bbox 125 3660 1285 3794">
    <p class='ocr_par' dir='ltr' id='par_1_5' title="bbox 125 3660 1285 3794">
     <span class='ocr_line' id='line_1_30' title="bbox 125 3660 1285 3728; baseline 0.004 -19"><span class='ocrx_word' id='word_1_244' title='bbox 125 3660 177 3710; x_wconf 83' lang='lat' dir='ltr'>Sed</span> <span class='ocrx_word' id='word_1_245' title='bbox 196 3665 293 3710; x_wconf 82' lang='lat' dir='ltr'>neutro</span> <span class='ocrx_word' id='word_1_246' title='bbox 313 3662 372 3710; x_wconf 87' lang='lat' dir='ltr'>loco</span> <span class='ocrx_word' id='word_1_247' title='bbox 392 3662 475 3712; x_wconf 84' lang='lat' dir='ltr'>codex</span> <span class='ocrx_word' id='word_1_248' title='bbox 493 3662 643 3712; x_wconf 81' lang='lat' dir='ltr'>accuratius</span> <span class='ocrx_word' id='word_1_249' title='bbox 657 3661 832 3722; x_wconf 80' lang='lat' dir='ltr'>describitur3</span> <span class='ocrx_word' id='word_1_250' title='bbox 851 3678 939 3726; x_wconf 82' lang='lat' dir='ltr'>neque</span> <span class='ocrx_word' id='word_1_251' title='bbox 952 3663 1037 3727; x_wconf 78' lang='lat' dir='ltr'>magis</span> <span class='ocrx_word' id='word_1_252' title='bbox 1049 3663 1119 3713; x_wconf 77' lang='lat' dir='ltr'>aliu·</span> <span class='ocrx_word' id='word_1_253' title='bbox 1132 3668 1240 3728; x_wconf 83' lang='lat' dir='ltr'>praeter</span> <span class='ocrx_word' id='word_1_254' title='bbox 1253 3666 1285 3714; x_wconf 89' lang='lat' dir='ltr'>hu</span> 
     </span>
     <span class='ocr_line' id='line_1_31' title="bbox 125 3744 270 3794; baseline -0.007 0"><span class='ocrx_word' id='word_1_255' title='bbox 125 3744 270 3794; x_wconf 83' lang='lat' dir='ltr'>indicatur.</span> 
     </span>
    </p>
   </div>
   <div class='ocr_carea' id='block_1_5' title="bbox 124 3827 1285 4500">
    <p class='ocr_par' dir='ltr' id='par_1_6' title="bbox 125 3827 1285 3966">
     <span class='ocr_line' id='line_1_32' title="bbox 210 3827 1285 3900; baseline 0.006 -21"><span class='ocrx_word' id='word_1_256' title='bbox 210 3827 234 3892; x_wconf 84' lang='lat'>²)</span> <span class='ocrx_word' id='word_1_257' title='bbox 254 3829 295 3881; x_wconf 79' lang='lat' dir='ltr'>Cf.</span> <span class='ocrx_word' id='word_1_258' title='bbox 312 3831 449 3882; x_wconf 78' lang='lat' dir='ltr'>Assemsn.</span> <span class='ocrx_word' id='word_1_259' title='bbox 464 3832 529 3882; x_wconf 87' lang='lat' dir='ltr'>bibl.</span> <span class='ocrx_word' id='word_1_260' title='bbox 542 3832 639 3883; x_wconf 87' lang='lat' dir='ltr'>orient.</span> <span class='ocrx_word' id='word_1_261' title='bbox 653 3831 675 3880; x_wconf 91' lang='grc' dir='ltr'>Ι.</span> <span class='ocrx_word' id='word_1_262' title='bbox 695 3849 720 3897; x_wconf 92' lang='lat' dir='ltr'>p.</span> <span class='ocrx_word' id='word_1_263' title='bbox 733 3833 792 3883; x_wconf 83' lang='grc'><strong>387.</strong></span> <span class='ocrx_word' id='word_1_264' title='bbox 805 3834 863 3882; x_wconf 82' lang='lat'>³89.</span> <span class='ocrx_word' id='word_1_265' title='bbox 882 3832 919 3882; x_wconf 90' lang='lat'>11.</span> <span class='ocrx_word' id='word_1_266' title='bbox 935 3849 960 3896; x_wconf 88' lang='lat' dir='ltr'>p.</span> <span class='ocrx_word' id='word_1_267' title='bbox 975 3834 1033 3883; x_wconf 82' lang='lat'>16³.</span> <span class='ocrx_word' id='word_1_268' title='bbox 1070 3833 1141 3884; x_wconf 83' lang='lat' dir='ltr'>Thil.</span> <span class='ocrx_word' id='word_1_269' title='bbox 1156 3831 1222 3885; x_wconf 82' lang='lat' dir='ltr'>eod.</span> <span class='ocrx_word' id='word_1_270' title='bbox 1234 3850 1285 3900; x_wconf 77' lang='lat' dir='ltr'>spo</span> 
     </span>
     <span class='ocr_line' id='line_1_33' title="bbox 125 3916 360 3966; baseline -0.009 -1"><span class='ocrx_word' id='word_1_271' title='bbox 125 3916 222 3966; x_wconf 79' lang='lat' dir='ltr'>XLIII.</span> <span class='ocrx_word' id='word_1_272' title='bbox 242 3916 360 3965; x_wconf 72' lang='lat' dir='ltr'>notabb.</span> 
     </span>
    </p>

    <p class='ocr_par' dir='ltr' id='par_1_7' title="bbox 124 3997 1285 4156">
     <span class='ocr_line' id='line_1_34' title="bbox 209 3997 1285 4067; baseline 0.003 -19"><span class='ocrx_word' id='word_1_273' title='bbox 209 3997 231 4062; x_wconf 80' lang='lat'>³)</span> <span class='ocrx_word' id='word_1_274' title='bbox 251 4000 380 4051; x_wconf 75' lang='lat' dir='ltr'>Probsvit</span> <span class='ocrx_word' id='word_1_275' title='bbox 404 4002 535 4052; x_wconf 77' lang='lat' dir='ltr'>Henricns</span> <span class='ocrx_word' id='word_1_276' title='bbox 555 4001 617 4051; x_wconf 75' lang='lat' dir='ltr'>Silue</span> <span class='ocrx_word' id='word_1_277' title='bbox 642 4019 673 4052; x_wconf 80' lang='lat' dir='ltr'>cx</span> <span class='ocrx_word' id='word_1_278' title='bbox 695 4004 755 4052; x_wconf 93' lang='lat' dir='ltr'>loco</span> <span class='ocrx_word' id='word_1_279' title='bbox 774 4002 910 4052; x_wconf 85' lang='lat' dir='ltr'>Historiae</span> <span class='ocrx_word' id='word_1_280' title='bbox 928 4003 1118 4066; x_wconf 82' lang='lat' dir='ltr'>Dynastiarum</span> <span class='ocrx_word' id='word_1_281' title='bbox 1143 4003 1184 4067; x_wconf 90' lang='lat' dir='ltr'>(p.</span> <span class='ocrx_word' id='word_1_282' title='bbox 1206 4006 1285 4056; x_wconf 68' lang='lat'>109.‹</span> 
     </span>
     <span class='ocr_line' id='line_1_35' title="bbox 124 4079 1205 4156; baseline 0.006 -20"><span class='ocrx_word' id='word_1_283' title='bbox 124 4087 251 4151; x_wconf 80' lang='lat' dir='ltr'>Pocock.)</span> <span class='ocrx_word' id='word_1_284' title='bbox 270 4089 354 4140; x_wconf 75' lang='lat' dir='ltr'>allato</span> <span class='ocrx_word' id='word_1_285' title='bbox 373 4089 407 4138; x_wconf 74' lang='lat' dir='ltr'>ad</span> <span class='ocrx_word' id='word_1_286' title='bbox 425 4079 518 4152; x_wconf 68' lang='lat' dir='ltr'>evsng.</span> <span class='ocrx_word' id='word_1_287' title='bbox 532 4090 580 4138; x_wconf 80' lang='lat' dir='ltr'>inf.</span> <span class='ocrx_word' id='word_1_288' title='bbox 600 4106 657 4154; x_wconf 82' lang='lat' dir='ltr'>cap.</span> <span class='ocrx_word' id='word_1_289' title='bbox 670 4089 707 4140; x_wconf 91' lang='lat' dir='ltr'>Il.</span> <span class='ocrx_word' id='word_1_290' title='bbox 744 4089 813 4140; x_wconf 80' lang='lat' dir='ltr'>Vide</span> <span class='ocrx_word' id='word_1_291' title='bbox 831 4088 1086 4154; x_wconf 72' lang='lat' dir='ltr'>Thi1.Cod.apocr.</span> <span class='ocrx_word' id='word_1_292' title='bbox 1107 4107 1132 4156; x_wconf 90' lang='lat' dir='ltr'>p.</span> <span class='ocrx_word' id='word_1_293' title='bbox 1146 4092 1205 4143; x_wconf 74' lang='lat'>135.</span> 
     </span>
    </p>

    <p class='ocr_par' dir='ltr' id='par_1_8' title="bbox 125 4171 1285 4312">
     <span class='ocr_line' id='line_1_36' title="bbox 209 4171 1285 4244; baseline 0.005 -20"><span class='ocrx_word' id='word_1_294' title='bbox 209 4171 233 4236; x_wconf 77' lang='lat'>⁴)</span> <span class='ocrx_word' id='word_1_295' title='bbox 253 4173 294 4225; x_wconf 76' lang='lat' dir='ltr'>Of.</span> <span class='ocrx_word' id='word_1_296' title='bbox 307 4175 372 4225; x_wconf 90' lang='lat' dir='ltr'>bibl.</span> <span class='ocrx_word' id='word_1_297' title='bbox 386 4175 482 4225; x_wconf 83' lang='lat' dir='ltr'>orient.</span> <span class='ocrx_word' id='word_1_298' title='bbox 495 4174 543 4224; x_wconf 91' lang='lat' dir='ltr'>lll.</span> <span class='ocrx_word' id='word_1_299' title='bbox 562 4182 638 4240; x_wconf 82' lang='lat' dir='ltr'>parte</span> <span class='ocrx_word' id='word_1_300' title='bbox 652 4177 673 4227; x_wconf 90' lang='lat'>1.</span> <span class='ocrx_word' id='word_1_301' title='bbox 692 4192 754 4242; x_wconf 74' lang='lat' dir='ltr'>pig.</span> <span class='ocrx_word' id='word_1_302' title='bbox 768 4177 818 4226; x_wconf 83' lang='grc'>522</span> <span class='ocrx_word' id='word_1_303' title='bbox 831 4182 859 4226; x_wconf 85' lang='lat' dir='ltr'>ot</span> <span class='ocrx_word' id='word_1_304' title='bbox 872 4177 930 4228; x_wconf 83' lang='lat'>317.</span> <span class='ocrx_word' id='word_1_305' title='bbox 958 4176 998 4226; x_wconf 73' lang='lat' dir='ltr'>cf.</span> <span class='ocrx_word' id='word_1_306' title='bbox 1011 4177 1081 4228; x_wconf 79' lang='lat' dir='ltr'>Thil.</span> <span class='ocrx_word' id='word_1_307' title='bbox 1094 4180 1113 4229; x_wconf 93' lang='lat' dir='ltr'>l.</span> <span class='ocrx_word' id='word_1_308' title='bbox 1126 4180 1145 4229; x_wconf 92' lang='lat' dir='ltr'>l.</span> <span class='ocrx_word' id='word_1_309' title='bbox 1157 4194 1220 4244; x_wconf 75' lang='lat' dir='ltr'>pag.</span> <span class='ocrx_word' id='word_1_310' title='bbox 1231 4179 1285 4229; x_wconf 76' lang='lat' dir='ltr'>XX]</span> 
     </span>
     <span class='ocr_line' id='line_1_37' title="bbox 125 4263 250 4312; baseline 0.008 -1"><span class='ocrx_word' id='word_1_311' title='bbox 125 4264 191 4311; x_wconf 69' lang='lat' dir='ltr'>nota</span> <span class='ocrx_word' id='word_1_312' title='bbox 208 4263 250 4312; x_wconf 77' lang='lat' dir='ltr'>al.</span> 
     </span>
    </p>

    <p class='ocr_par' dir='ltr' id='par_1_9' title="bbox 209 4345 835 4421">
     <span class='ocr_line' id='line_1_38' title="bbox 209 4345 835 4421; baseline 0.005 -24"><span class='ocrx_word' id='word_1_313' title='bbox 209 4345 233 4410; x_wconf 76' lang='lat'>⁶)</span> <span class='ocrx_word' id='word_1_314' title='bbox 252 4346 292 4401; x_wconf 74' lang='lat' dir='ltr'>cf.</span> <span class='ocrx_word' id='word_1_315' title='bbox 310 4348 382 4397; x_wconf 76' lang='lat' dir='ltr'>l&#39;hll.</span> <span class='ocrx_word' id='word_1_316' title='bbox 402 4349 420 4398; x_wconf 92' lang='lat'>1.</span> <span class='ocrx_word' id='word_1_317' title='bbox 438 4349 456 4400; x_wconf 87' lang='lat' dir='ltr'>l.</span> <span class='ocrx_word' id='word_1_318' title='bbox 476 4363 536 4413; x_wconf 77' lang='lat' dir='ltr'>pag.</span> <span class='ocrx_word' id='word_1_319' title='bbox 555 4346 657 4399; x_wconf 82' lang='lat' dir='ltr'>XXXV.</span> <span class='ocrx_word' id='word_1_320' title='bbox 677 4357 742 4400; x_wconf 80' lang='lat' dir='ltr'>note</span> <span class='ocrx_word' id='word_1_321' title='bbox 759 4350 801 4400; x_wconf 80' lang='grc'>25.</span> <span class='ocrx_word' id='word_1_322' title='bbox 824 4391 835 4421; x_wconf 59' lang='grc'>,.</span> 
     </span>
    </p>

    <p class='ocr_par' dir='ltr' id='par_1_10' title="bbox 209 4432 1128 4500">
     <span class='ocr_line' id='line_1_39' title="bbox 209 4432 1128 4500; baseline 0.001 -17"><span class='ocrx_word' id='word_1_323' title='bbox 209 4432 233 4495; x_wconf 78' lang='lat'>⁰)</span> <span class='ocrx_word' id='word_1_324' title='bbox 252 4432 292 4483; x_wconf 81' lang='lat' dir='ltr'>Cf.</span> <span class='ocrx_word' id='word_1_325' title='bbox 311 4433 387 4484; x_wconf 68' lang='lat' dir='ltr'>Febr.</span> <span class='ocrx_word' id='word_1_326' title='bbox 406 4432 470 4486; x_wconf 81' lang='lat' dir='ltr'>eod.</span> <span class='ocrx_word' id='word_1_327' title='bbox 489 4447 579 4496; x_wconf 85' lang='lat' dir='ltr'>apocr.</span> <span class='ocrx_word' id='word_1_328' title='bbox 598 4434 649 4486; x_wconf 90' lang='lat'>111.</span> <span class='ocrx_word' id='word_1_329' title='bbox 668 4452 693 4500; x_wconf 91' lang='lat' dir='ltr'>p.</span> <span class='ocrx_word' id='word_1_330' title='bbox 712 4437 770 4485; x_wconf 87' lang='grc'><strong>421.</strong></span> <span class='ocrx_word' id='word_1_331' title='bbox 807 4435 876 4484; x_wconf 81' lang='lat' dir='ltr'>Thil.</span> <span class='ocrx_word' id='word_1_332' title='bbox 895 4436 913 4483; x_wconf 89' lang='lat' dir='ltr'>l.</span> <span class='ocrx_word' id='word_1_333' title='bbox 933 4435 951 4484; x_wconf 85' lang='lat' dir='ltr'>l.</span> <span class='ocrx_word' id='word_1_334' title='bbox 969 4452 995 4500; x_wconf 93' lang='lat' dir='ltr'>p.</span> <span class='ocrx_word' id='word_1_335' title='bbox 1010 4434 1128 4485; x_wconf 78' lang='lat' dir='ltr'>XXXIV.</span> 
     </span>
    </p>
   </div>
   <div class='ocr_carea' id='block_1_6' title="bbox 0 0 1446 5062">
    <p class='ocr_par' dir='ltr' id='par_1_11' title="bbox 0 0 1446 5062">
     <span class='ocr_line' id='line_1_40' title="bbox 0 0 1446 5062; baseline 0 0"><span class='ocrx_word' id='word_1_336' title='bbox 0 0 1446 5062; x_wconf 95' lang='lat' dir='ltr'> </span> 
     </span>
    </p>
   </div>
  </div>
 </body>
</html>
