2880 5062
584 354 857 428 rnonrooudns.

229 532 308 614 ‹ileop
337 535 411 611 τῶμ
438 527 636 612 ωαιζόμτωμ
667 526 739 611 μετ’
768 523 874 590 αὐτοῦ
903 531 1032 611 ωεσὼμ
1062 525 1136 591 emt
1161 521 1226 591 τοῦ
1253 528 1318 594 δώ-

230 663 341 724 ματοσ
363 639 455 703 κάτω
480 640 653 724 ἆωέθαμε·
699 644 750 702 καὶ
772 638 888 723 ῑδὸμτα
910 639 956 703 τὰ
980 638 1074 703 ἅλλα
1094 640 1216 702 molbio
1239 646 1319 723 ἔφυ-

229 776 304 837 γομ,
329 756 379 814 καὶ
402 754 550 814 κατέστη
574 750 689 816 blac.
707 749 822 836 μόμοσ.
866 750 932 818 sed·
954 751 1006 816 his
1029 750 1139 834 paullo
1161 751 1320 834 propiora

228 862 340 928 latinis
361 863 463 928 habet
484 868 596 929 textus
618 873 666 946 gr.
687 863 722 928 A
742 862 849 945 VIII,
872 866 898 927 1.
943 861 1049 926 Μετὰ
1073 857 1244 926 δὲταῦτα
1267 857 1321 947 μιᾷ

227 981 300 1059 subp
333 973 466 1059 ripepcbp
499 965 537 1061 rip
572 969 752 1039 6⁴laoorio
782 977 919 1058 ωαίςωμ
952 973 1012 1058 obp
1045 973 1170 1038 ἅλλοισ
1201 977 1319 1057 ωαισῐμ

228 1085 356 1170 ἑωὰμω
380 1088 541 1171 διστέγου
564 1092 652 1151 ol'xou
677 1094 738 1153 etc.
817 1118 819 1122 ·
1000 1154 1005 1163 ,

205 1198 321 1280 Atque
343 1198 427 1263 haec
450 1204 528 1263 sunt
550 1200 673 1281 omnia,
699 1198 781 1264 meis
804 1197 1008 1280 aliorumque
1032 1197 1120 1261 curis
1142 1216 1183 1261 ex
1204 1194 1331 1266 biblio·¹

121 1309 227 1375 thecis
249 1314 434 1392 protracta,
463 1330 548 1392 quae
573 1311 612 1375 de
634 1310 809 1375 veterrimo
833 1309 979 1374 Thomas
1003 1306 1171 1391 evangelio
1194 1306 1238 1372 ad
1258 1327 1320 1371 nos

119 1426 349 1504 pervenerunt.
395 1419 489 1504 Quae
513 1421 575 1486 etsi
598 1442 664 1486 non
686 1421 802 1486 haberi
824 1425 964 1504 possunt
986 1420 1052 1484 nisi
1074 1439 1134 1501 pro
1156 1418 1321 1502 fragmen-

119 1532 177 1612 tis,
205 1553 347 1614 quorum
375 1537 501 1597 textum
530 1530 788 1597 describentium
817 1532 992 1596 arbitrium
1020 1531 1062 1596 ab
1090 1528 1322 1611 antiquissima

119 1642 226 1708 forma
246 1663 306 1724 per
329 1647 381 1707 tot
404 1643 610 1707 saeculorum
634 1644 752 1708 seriem
775 1642 864 1708 haud
888 1642 986 1707 dubie
1011 1640 1161 1723 deduxit,
1188 1645 1222 1706 et
1244 1659 1322 1722 quo·

120 1775 193 1818 rum
217 1753 445 1836 supplementa
467 1756 501 1818 in
523 1754 661 1836 reliquis
683 1753 796 1819 latinis
819 1760 854 1819 et
876 1753 1018 1819 arabicis
1040 1753 1203 1817 infantiae
1226 1772 1322 1817 evan·

120 1864 214 1947 geliis
236 1863 357 1945 latent,
386 1871 496 1931 tamen
519 1886 635 1948 perse
659 1871 736 1930 sunt
760 1864 920 1930 eiusmodi
942 1865 1028 1930 unde
1052 1864 1212 1929 coniicias
1235 1882 1321 1945 quae

121 1976 214 2059 origo
236 1981 271 2041 et
293 1997 378 2059 quae
402 1977 488 2042 ratio
510 1977 723 2043 famosissimi
744 1977 834 2041 illius
856 1976 933 2041 libri
958 1975 1061 2041 fuisse
1083 1975 1243 2040 videatur.
1288 1974 1322 2038 A

120 2087 282 2156 Gnostioo
306 2088 438 2171 quidem
461 2089 594 2154 omnino
623 2089 830 2171 conscriptus
862 2108 935 2153 esse
962 2086 1101 2152 ridetur.
1145 2084 1224 2151 Hoc
1254 2085 1322 2168 pri-

120 2220 209 2263 mum
237 2198 312 2262 inde
339 2198 513 2281 probabile
540 2198 578 2264 fit
606 2199 694 2282 quod
722 2198 895 2265 donatismi
922 2220 1072 2264 caussam
1097 2197 1250 2280 inprimis
1273 2217 1325 2261 su·

120 2311 230 2375 stinet.
282 2308 457 2375 Miraculis
488 2311 575 2374 enim
606 2331 626 2374 a
656 2311 765 2393 prima
794 2310 871 2375 inde
902 2309 1047 2393 pueritia
1078 2308 1177 2374 editis
1207 2306 1324 2388 Iesum

120 2420 264 2485 divinam
296 2442 388 2485 suam
419 2423 626 2486 maiestatem
657 2422 887 2504 comprobasse
915 2421 1027 2502 docet,
1057 2421 1092 2484 in
1120 2441 1195 2485 eum
1217 2425 1257 2484 ut
1279 2419 1327 2483 vi-

98 2544 101 2551 '
121 2530 217 2596 detur
245 2531 344 2596 finem
372 2538 409 2596 ut
436 2531 489 2597 dei
515 2531 623 2596 filium'
645 2530 807 2597 humanae
830 2539 969 2598 naturae
991 2551 1129 2614 prorsus
1153 2535 1328 2612 expertem

120 2642 221 2707 fuisse
243 2664 304 2708 nec
326 2643 391 2707 nisi
415 2643 559 2725 speciem
581 2643 720 2727 gessisse
743 2644 887 2708 hominis
909 2649 1079 2726 appareat.
1117 2640 1216 2725 Quod
1231 2647 1326 2706 recte

120 2775 141 2819 a
162 2753 258 2819 nobis
280 2755 345 2819 dici
369 2754 541 2819 confirmat
562 2761 680 2821 auctor
703 2755 846 2837 catalogi
867 2754 1030 2819 librorum
1046 2753 1325 2818 Manichaeorum

119 2863 286 2931 Timothei
309 2864 669 2949 Constantinopolitani
691 2868 824 2931 nomine
847 2864 929 2931 editi
951 2866 986 2930 in
1009 2886 1075 2947 quo
1098 2870 1149 2929 est
1175 2863 1198 2926 ἂ
1222 2869 1322 2950 συμέ-

118 3000 225 3059 scrop
256 2980 287 3039 oi
314 2977 409 3040 αὐτοὶ
434 2979 603 3063 θέλομτεσ
627 2977 755 3062 δόκησιμ
780 2971 958 3062 ἅωοῲῆμαι
981 2976 1044 3060 trip
1068 2976 1237 3061 σάρκωσιμ
1263 2976 1322 3039 αὖ·

120 3218 179 3262 cur
193 3196 383 3263 Manichaei
399 3198 726 3282 evangelioThomae
741 3206 914 3282 tantopere
930 3199 1190 3264 delectarentur:
1206 3199 1320 3264 fictum

121 3309 209 3374 enim
237 3331 292 3375 eos
320 3308 443 3376 Christi
475 3332 595 3393 corpus
622 3310 665 3375 ad
690 3310 896 3379 Docetarum
928 3310 1113 3393 exemplum
1141 3310 1319 3376 somniasse

121 3420 203 3484 satis
225 3426 364 3487 constat.
396 3422 471 3507 Qua
493 3424 527 3486 in
549 3443 584 3487 re
604 3422 731 3488 duabus
754 3423 960 3505 potissimum
975 3423 1015 3487 de
1034 3441 1178 3505 persona
1193 3420 1320 3513 Christi

121 3533 330 3614 opinionibus
354 3534 483 3599 saeculo
508 3534 651 3599 secundo
676 3534 756 3599 satis
779 3534 921 3618 vulgatis
944 3532 1149 3618 evangelium
1171 3532 1319 3599 Thomas

121 3643 371 3709 adversabatur:
400 3666 502 3728 quum
526 3647 567 3710 iis
590 3647 647 3729 qui
670 3644 839 3712 Christum
861 3666 989 3710 merum
1011 3645 1176 3709 hominem
1198 3644 1320 3710 habue-

120 3759 213 3834 runt,
243 3761 314 3818 tum
344 3756 386 3819 iis
414 3757 471 3839 qui
499 3756 612 3822 Iesum
644 3756 820 3823 aChristo
849 3757 1088 3839 distinguentes
1120 3761 1210 3820 certe
1242 3760 1319 3820 ante

119 3864 320 3947 baptismum
343 3887 416 3931 eum
439 3887 505 3932 non
527 3869 629 3933 fuisse
652 3869 717 3933 nisi
739 3867 904 3934 hominem
921 3868 1161 3933 existimarunt.
1192 3864 1319 3931 Huius-

120 3975 208 4041 modi
230 3996 307 4041 vero
330 3978 498 4042 miraculis
521 4001 541 4043 a
561 4001 664 4063 puero
685 3980 828 4062 patratis
852 3979 1030 4048 Gnosticos
1052 3977 1087 4043 id
1108 3979 1218 4060 ipsum
1246 3998 1319 4061 pro-

120 4086 200 4152 bare
231 4087 389 4170 uoluisse,
421 4087 548 4154 Christi
579 4097 732 4156 naturam
762 4111 828 4156 non
858 4089 958 4155 fuisse
989 4089 1054 4153 nisi
1085 4089 1248 4172 divinam,
1278 4089 1319 4153 iis

120 4197 294 4264 edocemur
322 4220 407 4281 quae
432 4198 599 4266 Catholici
629 4207 747 4267 contra
775 4202 994 4284 disputarunt.
1038 4198 1094 4264 Ita
1124 4199 1224 4282 plane
1256 4200 1320 4265 huc

120 4308 263 4392 quadrat
286 4308 373 4393 quod
390 4309 592 4376 Anastasius
609 4310 740 4378 Sinaita
762 4312 957 4378 Melitenam
980 4311 1179 4377 Sardensem
1202 4317 1320 4377 contra

118 4419 326 4488 Marcionem
357 4421 528 4505 scripsisse
559 4423 676 4507 refert,
708 4431 740 4490 et
767 4424 975 4490 divinitatem
997 4424 1111 4488 Iesum
1138 4443 1234 4488 suam
1261 4443 1321 4506 per
