2880 5062
549 616 668 686 VIRO
697 617 864 684 SUMMO

258 827 484 887 AMPLISSIMO
507 828 791 887 IthS'I'RlSSIMO
815 827 1156 888 Exonnnnnslssmo

103 1147 254 1251 IOH.
310 1149 549 1254 PAULO
602 1150 703 1284 ¹DE
763 1146 1305 1254 FALKENSTEIN

152 1334 362 1373 formamenta
384 1334 451 1373 nael
473 1335 608 1374 suom
631 1339 648 1375 Δ
669 1336 774 1374 §Umfl
795 1335 891 1374 mlta
912 1334 1096 1374 munuca
1118 1334 1267 1384 mame,

177 1421 272 1459 sum
290 1421 411 1460 BEATUS
428 1422 629 1461 Recususrlol
646 1422 723 1462 NUNC
742 1423 882 1469 Pnnsms,
901 1421 1088 1460 contuerunt
1107 1420 1237 1460 onom

283 1506 463 1555 naussum
482 1508 619 1547 surems
636 1509 796 1547 memmae
815 1509 974 1556 naccam,
995 1508 1056 1548 E‘l'c.
1074 1508 1134 1548 Hc.

654 1936 677 1976 Ε.
694 1935 720 1976 1².
738 1937 765 1975 D.

346 2154 707 2223 CONSTANTINUS
730 2155 1075 2224 TISOHENDORF.

194 2721 250 2786 Ex
265 2741 330 2804 quo
348 2719 491 2803 primum
509 2725 657 2803 tempore
675 2720 820 2786 animum
837 2721 988 2805 viresque
1009 2720 1153 2804 applicui
1172 2720 1213 2786 ad
1231 2743 1307 2805 pro·

98 2859 271 2925 movenda
295 2857 435 2923 fontium
458 2879 626 2924 sacrorum
651 2857 769 2938 studia,
792 2858 826 2922 in
848 2857 963 2941 primis
980 2856 1034 2923 'l'o
1057 2864 1195 2924 conatus
1217 2879 1326 2929 meos

100 2987 222 3054 favore
242 2985 377 3052 consilio
397 2986 596 3051 anctoritate
614 2983 777 3050 adiuvisti.
810 2982 844 3049 N
846 3006 883 3051 ec
897 2984 965 3050 fere
982 2985 1104 3069 estqui
1121 3006 1181 3069 per
1195 3007 1307 3054 omnes

101 3133 221 3179 rerum
242 3133 337 3178 casus
359 3111 400 3178 ad
422 3082 509 3178 hunc
530 3133 636 3196 usque
659 3112 745 3178 diem
766 3112 848 3177 mihi
869 3111 1106 3197 laboribusque
1129 3115 1210 3179 meis
1228 3113 1305 3182 fide·

102 3245 173 3310 lior
187 3240 243 3341 ‘Ta
260 3249 421 3326 patronus
440 3241 611 3308 exstiterit.
649 3240 761 3307 Nullis
783 3241 870 3307 enim
893 3240 1154 3308 obtrectatorum
1176 3243 1306 3309 iniuriis

103 3378 170 3438 aut
191 3370 317 3436 artibus
341 3370 418 3436 'Pon
440 3391 520 3454 erga
542 3391 594 3435 me
617 3369 846 3437 benevolentia
868 3370 977 3453 cessit,
999 3391 1106 3454 neque
1129 3370 1225 3436 aliter
1246 3392 1305 3436 un·

103 3522 212 3586 quam
226 3499 358 3566 sensisti
375 3521 473 3584 quam
493 3499 610 3565 studiis
631 3501 712 3567 meis
731 3500 889 3592 ecclesiae
905 3498 1112 3566 Christianae
1130 3498 1213 3565 bene
1232 3520 1306 3565 con·

104 3627 183 3694 suli.
226 3627 316 3693 Hinc
337 3648 537 3712 magnopere
558 3628 645 3694 hanc
667 3628 748 3693 mihi
770 3627 978 3694 occasionem
1000 3625 1150 3711 gratulor
1171 3625 1305 3710 pietatis

103 3775 204 3821 meae
220 3753 300 3820 Tm
317 3754 423 3820 denuo
440 3754 675 3821 testificandae.
714 3753 812 3839 Quod
834 3753 937 3838 igitur
958 3760 1033 3819 ante
1055 3754 1115 3820 hos
1135 3752 1306 3820 duodecim

104 3904 215 3951 annos
239 3883 348 3967 prima
373 3904 447 3949 mea
469 3882 630 3949 librorum
652 3881 739 3948 Novi
762 3882 968 3949 Testamenti
995 3881 1139 3949 editione
1164 3880 1305 3966 splendi-

105 4010 244 4077 dissimo
263 4010 389 4076 nomini
404 4008 481 4076 Tuo
500 4010 683 4076 dedicanda
700 4011 772 4091 feci,
794 4009 829 4075 id
849 4031 937 4075 nunc
960 4009 1137 4094 evangeliis
1153 4009 1206 4074 his
1223 4008 1305 4075 meis

103 4141 307 4226 apocryphis
321 4146 471 4223 repetere
490 4141 628 4206 institui.
659 4138 756 4224 Quod
772 4161 813 4205 ne
829 4139 882 4204 cui
897 4139 1015 4204 mirum
1030 4138 1191 4221 videatur,
1210 4138 1305 4222 qnasi

103 4292 127 4337 a
149 4268 320 4335 canonicis
343 4268 386 4333 ad
408 4268 598 4353 apocrypha
620 4273 754 4333 ventum
777 4269 829 4333 sit.
872 4266 964 4332 Illud
986 4269 1151 4333 enimvero
1172 4267 1208 4331 in
1227 4288 1305 4350 apo·

102 4397 242 4484 cryphia
259 4395 438 4481 evangeliis
455 4398 598 4481 optimae
614 4397 718 4479 frugis
736 4395 889 4480 estquod
908 4395 1051 4462 divinam
1069 4396 1302 4462 canonicorum
