2880 5062
118 368 160 428 52
316 365 648 417 multuo-uersuum
662 364 901 415 araxorum.
920 363 1123 414 amsuchan.

120 517 298 583 Christum
323 522 527 599 expetentes
551 538 761 599 quaesumus
787 524 825 579 ut
851 536 928 579 eum
956 536 997 579 ex
1022 513 1173 578 hebraeo
1197 511 1288 576 latinis

119 621 263 686 auribus
280 620 414 695 tradas,
441 640 512 683 non
529 628 598 685 tam
615 620 658 684 ad
675 618 903 704 percipienda
925 637 1071 700 eaquae
1089 621 1171 681 sunt
1186 612 1289 680 Christi

119 724 273 806 insignia
288 744 391 806 quam
408 724 451 787 ad
467 723 724 789 haereticorum
740 723 903 788 astutiam
922 719 1188 798 excludendam3
1204 717 1291 801 quint

120 827 314 890 doctrinam
339 825 463 889 malam
488 825 730 904 instituerent,
760 823 873 889 bonae
899 821 1031 888 Christi
1057 821 1227 886 nat-ivitati
1248 838 1293 883 sua

119 927 302 993 mendacia
317 929 548 1007 miscuerunt,
570 934 608 991 ut
630 948 693 1009 per
709 926 929 990 dulcedinem
945 926 1035 990 sitae
1057 925 1179 990 mortis
1200 922 1293 989 amari·

119 1031 277 1094 tudinem
303 1030 531 1095 occultarent.
575 1029 655 1093 Erit
681 1050 762 1112 ergo
788 1029 996 1111 purissimae
1023 1027 1181 1093 caritatis
1204 1034 1238 1090 ut
1255 1022 1293 1088 rel

120 1141 284 1216 rogantes
306 1132 432 1197 fratres
449 1138 529 1197 tuos
552 1132 734 1211 exaudias,
754 1131 809 1195 vel
831 1132 1016 1213 episcopos
1039 1129 1216 1212 erigentes
1231 1125 1294 1192 cari·

120 1237 203 1300 tatis
220 1236 376 1300 debitum
394 1235 487 1317 quod
509 1234 674 1299 idoneum
692 1233 883 1298 credideris
900 1234 1057 1315 recipere
1081 1232 1201 1297 facias.
1227 1228 1292 1297 Vale

120 1340 156 1402 in
174 1340 315 1404 domino
333 1344 368 1401 et
385 1358 446 1401 ora
460 1359 524 1420 pro
542 1337 653 1402 nobis.

702 1548 740 1618 B.

206 1695 368 1760 Dominis
386 1696 516 1759 sanctis
533 1717 572 1760 ac
588 1696 802 1761 beatissimis
819 1693 997 1760 Cromatio
1015 1701 1050 1759 et
1065 1694 1228 1760 Eliodoro
1243 1688 1296 1773 epi·

121 1801 237 1881 scopis
254 1797 451 1863 Ieronimus
469 1799 615 1882 exiguus
633 1797 764 1863 Christi
782 1819 900 1862 servus
917 1798 953 1861 in
970 1797 1112 1862 domino
1129 1796 1269 1863 salutem.

208 1898 277 1983 Qui
291 1906 419 1966 terram
435 1902 511 1965 auri
523 1902 698 1967 consciam
714 1901 814 1979 fodit,
831 1921 901 1966 nou
918 1900 1001 1966 ilico
1018 1901 1145 1984 arripit
1154 1890 1299 1984 quiequid

121 2003 217 2068 fossa
237 2003 436 2085 profuderit
455 2003 623 2083 lacerata;
646 2003 708 2069 sed
728 2003 932 2087 priusquam
957 2003 1164 2086 fulgendum
1184 1998 1300 2087 pondus

119 2105 290 2169 vibrantis
306 2106 419 2170 iaetus
436 2105 520 2170 ferri
538 2105 740 2189 suspendat,
757 2107 897 2170 interim
908 2106 1085 2171 vertendis
1102 2101 1302 2190 supinandis·

121 2229 188 2289 que
215 2208 407 2290 cespitibus
432 2208 651 2289 immoratur,
678 2214 713 2273 et
738 2229 798 2291 spe
825 2209 932 2273 alitur
957 2210 1017 2290 qui
1040 2209 1194 2274 noudum
1211 2202 1301 2272 lucris

121 2317 280 2393 augetur.
325 2308 487 2375 Arduum
509 2332 596 2393 opus
619 2311 830 2394 iniungitur,
854 2332 930 2375 cum
952 2310 1019 2376 hoe
1041 2311 1150 2376 fuerit
1170 2332 1189 2377 a
1206 2312 1303 2374 vestro

121 2412 205 2476 mihi
223 2412 442 2477 beatitudine
460 2414 668 2496 imperatum
685 2414 778 2496 quod
795 2434 859 2478 nec
876 2415 950 2496 ipse
968 2420 1111 2480 sanctus
1120 2413 1301 2480 Matthaeus

121 2516 301 2598 apostolus
324 2523 359 2580 et
380 2517 594 2599 evangelista
614 2516 724 2581 voluit
745 2518 782 2580 in
803 2525 923 2600 aperto
946 2517 1132 2583 conscribi.
1168 2510 1299 2582 sienim

122 2620 293 2684 secretius
317 2640 386 2683 non
408 2624 515 2700 esset,
541 2618 720 2700 evangelio
744 2619 866 2702 utique
888 2619 955 2702 ipsi
979 2619 1073 2702 quod
1095 2620 1205 2685 edidit
1222 2608 1299 2682 addi·

122 2721 243 2789 disset.
279 2720 347 2787 Sed
365 2721 451 2786 fecit
466 2721 558 2786 hunc
576 2721 735 2786 libellum
750 2721 926 2786 hebraicis
943 2722 1072 2787 litteris
1090 2723 1297 2807 obsignatione

122 2846 224 2907 quem
246 2844 357 2906 usque
379 2824 466 2888 adeo
483 2845 554 2888 non
571 2823 683 2888 edidit
705 2831 743 2888 ut
759 2824 862 2889 bodie
879 2844 983 2888 manu
1006 2825 1118 2908 ipsius
1135 2825 1221 2889 liber
1233 2812 1299 2886 seri·

121 2934 202 3009 ptus
219 2926 394 2991 hebraicis
410 2926 539 2991 litteris
556 2926 667 2990 aviris
677 2926 952 3009 religiosissimis
969 2925 1151 3009 habeatur,
1168 2926 1223 3011 qui
1237 2932 1299 2987 eum

124 3137 258 3184 caritatem
271 3153 321 3200 per
335 3162 364 3170 -
379 3140 522 3199 expetenter
538 3140 567 3184 at
584 3136 651 3184 illud
667 3153 712 3194 ee,
731 3137 797 3186 item
810 3138 874 3200 vulg
888 3138 925 3185 Er
941 3137 992 3186 ido.
1004 3141 1074 3186 {eom
1086 3138 1217 3187 raritatem
1223 3143 1264 3199 μ’
1274 3141 1301 3197 ζ

122 3222 274 3284 experimere,
293 3226 417 3284 quatem
433 3225 458 3269 et
474 3220 540 3269 illud
557 3237 595 3270 er.
623 3220 690 3270 lude
704 3220 775 3284 quod
788 3238 936 3285 quaeremur
953 3223 982 3271 iu
995 3222 1074 3273 codd.
1093 3229 1123 3273 ut
1136 3236 1153 3272 u
1165 3230 1192 3273 et
1202 3209 1266 3270 llon‘
1277 3217 1302 3270 4¹

124 3307 254 3370 seriptum
273 3314 382 3355 estnec
400 3306 467 3354 sutis
487 3305 670 3362 intellectum,
690 3316 748 3355 orta
766 3313 808 3356 eet
825 3307 951 3357 lectionis
964 3309 1082 3358 verietee
1102 3307 1106 3375 Ι
1126 3310 1189 3373 vulg
1203 3302 1302 3357 mim·

123 3397 174 3441 tum
192 3392 226 3439 od
239 3392 430 3455 percipiendam
443 3406 507 3454 quoe
520 3416 528 3425 ·
542 3397 662 3455 paremio
679 3393 713 3440 od
731 3394 827 3442 liceret
845 3398 923 3441 odet.
942 3393 1041 3442 ercled.
1061 3392 1066 3458 Ι
1086 3408 1104 3443 Δ
1117 3393 1213 3444 eecled.
1228 3380 1302 3438 ml*

123 3479 187 3527 item
200 3478 269 3524 miro.
284 3478 422 3534 candorio,
435 3477 503 3524 oilae
511 3476 620 3535 delced„
633 3478 742 3526 debilem
752 3480 827 3528 corii.
843 3477 847 3543 Ι
862 3480 926 3544 vulg
936 3479 1023 3528 whom
1035 3479 1093 3528 cer.
1106 3480 1255 3530 marim
1263 3472 1303 3515 Μ

122 3563 252 3611 mendacio
264 3563 417 3611 mammet
431 3560 435 3625 Ι
447 3578 496 3625 per
509 3562 603 3621 (etism
619 3576 635 3610 u
647 3562 739 3624 Mon):
756 3565 820 3628 vulg
828 3568 888 3627 poet
903 3563 907 3627 Ι
921 3566 1056 3615 caritatis:
1068 3567 1109 3615 ita
1120 3579 1156 3615 n
1167 3565 1239 3620 Mem
1250 3547 1305 3606 '¹¹¹⁸

123 3648 228 3710 pietatis
242 3645 246 3711 Ι
260 3651 289 3695 at
300 3647 341 3695 eel
348 3665 355 3693 .·
368 3648 432 3711 vulg
444 3647 485 3695 oel
496 3652 524 3696 eet
536 3644 540 3712 Ι
557 3648 620 3697 bion
633 3653 663 3697 eet
673 3653 771 3698 eeelroe
782 3653 883 3712 rogent.
889 3650 975 3713 fratr.
988 3651 1121 3706 exaudior.
1135 3651 1198 3715 vulg
1209 3648 1268 3710 (ubl1
1279 3623 1304 3688 ¹)

124 3749 166 3782 om
179 3736 236 3781 roos
247 3728 251 3796 Ι
268 3734 367 3780 uBeue
379 3732 437 3779 eale
451 3750 454 3793 ς
469 3734 496 3780 ire
508 3734 622 3781 domiuo:
635 3746 652 3781 a
666 3734 692 3781 ire
706 3732 805 3783 Christo

192 3818 223 3864 B.
242 3831 260 3864 a
278 3817 482 3880 inscriptionem
502 3818 599 3867 hebet:
622 3820 760 3882 Responsio
779 3820 903 3883 epietoloe
917 3835 967 3884 prr
985 3821 1137 3870 Ieronimus
1153 3820 1187 3870 ecl
1204 3804 1309 3891 iperio'

123 3900 247 3965 Epistola
259 3899 404 3949 Hieronioii
421 3902 455 3949 od
467 3917 529 3966 quoe
539 3919 632 3967 repro,
652 3904 716 3968 vulg
729 3904 898 3970 Hieronymus
911 3905 1054 3955 carmelo
1073 3911 1099 3956 et
1110 3906 1247 3957 Heliodoro
1263 3897 1310 3952 Ψ

122 3987 213 4050 reopie.
239 3986 285 4033 Nil
298 3984 426 4034 eiusmodi
440 3986 512 4035 Mon.

193 4088 236 4119 oe:
256 4071 319 4134 vulg
337 4074 362 4118 et
381 4068 385 4133 Ι
404 4071 469 4135 vulg
486 4071 631 4123 Chremete'o
648 4079 674 4121 et
690 4073 847 4135 Heliodoro,
865 4078 930 4127 item
948 4076 1118 4143 Hieronymus
1137 4078 1140 4141 Ι
1152 4064 1314 4143 seigam*

125 4156 165 4205 ito
176 4169 193 4204 s
203 4156 277 4212 Mon,
290 4155 354 4219 vulg
359 4155 476 4219 fulgere,
489 4157 645 4223 nselpr'daee
659 4156 663 4225 Ι
678 4160 891 4227 eupinoodr'eqee:
909 4163 949 4211 ite
959 4176 994 4211 un
1004 4162 1082 4220 Mou;
1096 4164 1160 4228 vulg
1171 4146 1316 4231 eerpeff

124 4238 228 4306 dieqeel
244 4256 289 4304 epe
301 4240 397 4289 aliter:
414 4243 453 4290 ite
464 4244 613 4293 rectissime
627 4257 656 4301 s,
676 4246 775 4310 reliqui
789 4262 817 4296 er
829 4249 894 4313 vulg
905 4247 1054 4311 specialiter
1068 4245 1073 4312 Ι
1087 4262 1104 4297 Δ
1118 4266 1134 4297 α
1145 4252 1221 4298 oeetr.
1234 4222 1324 4309 mot

123 4329 193 4385 mili,
211 4328 275 4391 vulg
288 4327 349 4374 milii
366 4343 383 4374 o
401 4331 476 4376 oertr.
491 4327 578 4378 beotii.
592 4331 596 4391 Ι
612 4342 629 4377 Δ
639 4331 718 4379 scribi
731 4330 735 4397 Ι
751 4347 767 4380 u
782 4333 813 4380 sa·
829 4334 876 4382 lor
887 4334 1009 4382 seoretius
1026 4349 1076 4383 eon
1092 4335 1196 4397 egisset,
1215 4327 1285 4383 vulss
1299 4300 1324 4350 s*

124 4415 189 4463 eriere
206 4416 252 4463 loe
263 4417 385 4462 reor-etei»
402 4430 451 4462 aon
468 4411 549 4481 erret!
564 4416 665 4480 etipse:
682 4431 699 4466 Δ
713 4435 809 4484 quoque
823 4417 827 4483 Ι
842 4420 892 4483 ipsi
903 4423 975 4477 utu,
994 4419 1059 4468 Mon
1071 4421 1138 4484 ipre,
1156 4420 1221 4486 vulg
1231 4398 1328 4481 ἕρμ’

124 4514 142 4550 Δ
155 4516 199 4550 eoo
213 4503 218 4557 1
230 4515 308 4565 seper
319 4499 383 4547 odeo
395 4514 457 4548 eon:
470 4500 510 4549 ite
522 4514 539 4549 Δ
549 4502 628 4562 Hom
641 4504 707 4569 vulg
717 4518 734 4553 ι
747 4520 788 4556 om
800 4522 849 4555 eon
861 4501 866 4569 Ι
882 4506 969 4555 lodie:
982 4502 1101 4572 vulget!
1115 4508 1240 4573 quierem:
1262 4474 1333 4539 ⁶¹¹3
