2896 5062
389 393 438 443 nn
456 393 672 444 unnivrraru
691 395 833 446 unane.
861 393 934 445 cur.
952 395 983 444 x.
1229 392 1285 454 121

67 545 203 629 potuit
213 544 359 627 Ioseph:
377 564 456 609 nam
474 546 593 627 sponsi
605 567 699 611 more
711 546 857 611 liberius
875 544 917 609 ad
929 546 1099 628 virginem
1115 544 1289 607 introiens

62 658 93 714 et
138 648 356 714 familiarius
383 668 527 713 cumea
557 648 705 731 loquens
738 649 913 732 gravidam
944 668 1019 712 esse
1046 644 1290 729 deprehendit.

55 753 121 820 Ae
132 758 262 817 stuare
288 753 407 835 itaque
434 752 549 816 animo
580 758 615 816 et
639 751 808 817 fluctuare
835 753 966 834 coepit,
997 751 1080 834 quia
1104 748 1291 832 ignorabat

54 856 173 941 quid
190 856 257 920 sibi
274 855 495 937 potissimum
518 862 611 920 esset
633 833 847 920 facienilum:
870 875 984 937 neque
1012 854 1104 918 enim
1127 873 1202 917 eam
1223 857 1293 915 tra·

54 961 108 1025 du
120 980 216 1024 cere
226 958 347 1038 voluit,
366 959 449 1041 quia
464 959 578 1023 iustus
597 965 686 1039 erat;
704 979 817 1041 neque
832 957 1077 1023 fornicationis
1089 956 1290 1038 suspicione

53 1061 272 1143 infamare,
295 1062 378 1144 quia
393 1063 483 1144 pius.
521 1060 647 1144 Itaque
665 1061 844 1145 cogitabat
861 1061 948 1125 clam
966 1059 1155 1124 dissolvere
1174 1058 1292 1123 coniu-

57 1167 183 1251 gium
204 1172 239 1230 et
260 1166 397 1230 occulte
421 1165 596 1231 dimittere
619 1186 704 1230 eam.
751 1164 879 1229 'Haec
900 1169 1016 1228 antem
1040 1183 1079 1227 eo
1103 1162 1292 1244 cogitante,

61 1290 105 1333 ee
115 1288 172 1333 ce
196 1267 341 1351 angelus
369 1268 500 1334 domini
527 1273 559 1334 ei
584 1268 749 1352 apparuit
773 1268 808 1331 in
831 1268 961 1333 somnis
984 1266 1119 1330 dicens:
1150 1261 1292 1347 Ioseph,

64 1372 133 1435 fili
160 1370 282 1452 David,
302 1370 375 1436 noli
392 1371 529 1435 timere:
547 1370 613 1436 hoc
624 1375 687 1452 est,
705 1370 845 1435 nevelis
862 1369 1106 1434 fornicationis
1124 1367 1294 1449 suspicio·

68 1494 172 1538 nem
191 1476 226 1539 in
246 1475 381 1558 virgine
402 1474 531 1540 habere
548 1475 602 1540 vel
624 1473 760 1557 aliquid
783 1475 963 1539 sinistrum
985 1474 1155 1556 cogitare,
1178 1489 1292 1552 neque

71 1579 212 1643 timeas
230 1578 362 1642 camin
380 1598 521 1643 uxorem
539 1577 682 1642 ducere:
706 1575 799 1658 quod
822 1577 914 1641 enim
936 1577 971 1639 in
994 1595 1035 1640 ea
1052 1581 1171 1639 natum
1188 1578 1295 1638 estet

74 1700 185 1744 nunc
199 1682 352 1746 animum
369 1689 466 1746 tunm
485 1682 592 1765 angit,
610 1702 680 1746 non
696 1681 848 1745 hominis
866 1679 927 1744 sed
947 1680 1092 1761 spiritus
1110 1678 1223 1742 sancti
1240 1680 1296 1741 est

78 1802 189 1864 opus.
224 1785 348 1851 Pariet
370 1786 463 1850 enim
487 1786 640 1850 omnium
655 1785 751 1867 virgo
775 1783 851 1849 sola
867 1782 924 1846 dei
945 1781 1071 1863 filium,
1095 1787 1130 1846 et
1151 1779 1292 1845 vocabis

79 1903 215 1952 nomen
232 1889 309 1953 eius
326 1888 455 1969 Iesum,
472 1888 508 1953 id
526 1894 579 1953 est
595 1887 814 1952 salvatorem:
834 1887 910 1968 ipse
928 1886 1020 1950 enim
1038 1884 1169 1950 salvum
1185 1883 1294 1948 faciet

80 1991 257 2069 populum
280 2012 381 2056 suum
403 1992 594 2075 apeccatis
616 2011 745 2055 eorum.
793 1991 804 2024 ⁸
821 1989 937 2073 Igitur
952 1988 1082 2071 Ioseph
1100 1986 1293 2053 secundum

81 2093 207 2170 angeli
222 2100 451 2178 praeceptum
465 2095 634 2178 virginem
651 2113 793 2158 uxorem
811 2092 925 2174 duxit,
949 2112 1014 2157 nec
1030 2097 1147 2157 tamen
1168 2110 1294 2173 cogno-

80 2185 137 2250 vit
156 2215 231 2263 eam
249 2196 311 2263 sed
329 2203 423 2262 caste
440 2218 633 2280 procurans
651 2195 849 2260 custodivit.
883 2195 1029 2278 Iamque
1047 2216 1160 2261 nonus
1177 2214 1198 2258 a
1215 2212 1295 2257 con·

79 2301 253 2375 ceptione
276 2301 433 2366 instabat
447 2301 593 2381 mensis,
617 2321 693 2364 cum
709 2296 856 2381 Ioseph,
878 2319 985 2363 uxore
1003 2318 1080 2363 cum
1105 2298 1185 2362 aliis
1204 2315 1293 2379 quae

76 2403 292 2469 necessaria
308 2409 409 2469 erant
424 2408 613 2486 assumpta,
629 2400 814 2467 Bethleem
826 2402 1001 2466 civitatem
1016 2401 1108 2466 unde
1126 2401 1201 2484 ipse
1219 2403 1296 2464 erat

73 2491 251 2571 tetendit.
274 2507 423 2573 Factum
441 2513 495 2572 est
510 2512 637 2586 autem,
656 2527 732 2569 cum
749 2511 868 2570 essent
884 2503 944 2585 ibi,
961 2505 1098 2588 impleti
1116 2511 1198 2570 suut
1214 2504 1290 2569 dies

71 2603 115 2658 ¹¹t
134 2617 300 2692 pareret,
323 2617 358 2675 et
373 2611 513 2693 peperit
531 2610 641 2675 filium
659 2631 758 2673 suum
775 2609 1062 2691 primogenitum,
1086 2608 1179 2673 sicut
1196 2626 1296 2671 evan·

68 2701 237 2778 gelistae
263 2713 474 2795 docuerunt,
501 2713 678 2778 dominum
701 2718 859 2776 nostrum
880 2712 998 2777 Iesum
1015 2710 1208 2789 Christum,
1233 2707 1294 2790 qui

66 2812 167 2878 culn
188 2823 287 2899 patre
310 2823 345 2881 et
362 2817 487 2899 spiritu
512 2822 633 2880 sancto
650 2815 733 2878 vivit
754 2821 789 2880 et
811 2820 935 2897 regnat
954 2835 1018 2897 per
1037 2814 1153 2878 omnia
1174 2808 1296 2876 secula

63 2914 299 2983 Sec-ulmum.

61 3033 304 3067 &—

158 3130 186 3177 2.
205 3128 245 3179 cf.
256 3130 300 3179 Pe.
313 3129 414 3179 Metth.
428 3128 473 3176 XI.
489 3127 492 3192 Ι
507 3128 691 3178 Haerentem:
709 3128 768 3178 Per.
782 3143 832 3176 om.
851 3132 946 3184 autem,
964 3127 1030 3175 item
1045 3127 1068 3174 ei
1081 3122 1085 3190 Ι
1100 3141 1130 3173 ne
1143 3123 1219 3195 velis:
1237 3122 1298 3170 Par.

57 3205 123 3249 ⁸⁰²⁸
144 3214 214 3263 oeta
227 3214 230 3281 Ι
246 3217 271 3263 in
285 3214 396 3279 virgine.-
414 3214 474 3263 Par.
488 3215 514 3261 in
526 3215 649 3278 cirpinem

158 3301 185 3347 3.
203 3300 275 3350 Haec
288 3300 323 3350 ad
341 3300 607 3364 „evangelistarum“
625 3284 808 3349 narrationem
822 3298 989 3347 conformata
1003 3311 1075 3354 eise,
1095 3295 1176 3344 facile
1189 3300 1275 3357 petet.
1290 3290 1296 3358 Ι

57 3357 163 3459 pfl?
178 3386 302 3434 civitatem
320 3387 373 3449 ipse
386 3386 494 3434 tetendit
505 3386 571 3434 ande
583 3389 642 3434 erat
655 3383 658 3449 Ι
674 3389 770 3433 autem:
789 3384 849 3432 Per.
863 3398 928 3441 om..
946 3384 1010 3433 item
1024 3398 1074 3432 om.
1087 3396 1158 3431 mm
1173 3381 1176 3444 Ι
1191 3394 1296 3442 encopo-

57 3442 171 3513 lmsse
182 3475 210 3520 ut
219 3470 278 3520 Par.
290 3470 357 3520 edd.
370 3472 454 3520 saneti
466 3470 638 3533 evangelistae
651 3467 654 3534 Ι
668 3473 760 3532 patre:
774 3470 812 3518 sic
823 3469 881 3518 Par.
894 3467 960 3516 Edd.
970 3467 1031 3517 edd.
1044 3467 1136 3532 etfllio
1151 3464 1154 3531 Ι
1168 3470 1193 3514 et
1206 3467 1298 3528 regnat

56 3541 100 3585 ιη
117 3542 154 3591 Ρ
155 3565 193 3600 ὃν.
205 3556 272 3606 Edd.
285 3556 348 3606 add.
361 3557 423 3604 deae
436 3555 440 3620 Ι
455 3555 541 3604 serula
553 3555 710 3604 seculorum.-
724 3556 783 3605 Par.
796 3554 857 3604 add.
872 3570 950 3602 einen.
