2880 5062
125 362 189 424 418
480 362 608 413 avane.
627 363 805 414 uicorum
831 363 918 413 rans
937 361 976 412 11.

126 514 167 578 ad
198 535 257 578 nos
289 513 541 597 osculantesque
574 514 616 579 ad
646 514 804 595 invicem,
840 513 920 596 quio
951 512 1019 578 cari
1050 510 1161 576 nostri
1196 508 1311 574 fuerunt

126 619 239 702 amici,
274 618 549 701 interrogavimus
581 640 653 683 eos:
694 618 808 684 Dicite
841 617 951 700 nobie,
988 616 1088 681 amici
1125 621 1161 679 et
1198 613 1310 692 fratres

126 745 211 805 quae
235 728 285 786 est
307 723 390 787 haec
418 723 529 788 anima
559 729 592 788 et
620 723 722 790 caro?
760 731 792 790 et
822 724 879 806 qui
907 728 983 786 sunt
1014 721 1070 784 isti
1103 741 1180 784 cum
1206 719 1309 802 quibus

124 826 289 910 pergitis?
327 832 361 891 et
388 827 551 909 quomodo
581 828 799 911 corporaliter
827 827 969 892 manetis
997 825 1055 908 qui
1078 823 1159 888 olim
1183 823 1309 888 defuncti

124 929 259 994 fuistis?

212 1049 308 1134 ²Qui
337 1050 575 1132 respondentes
603 1051 771 1116 dixerunt:
801 1049 1061 1113 Resurreximus
1090 1067 1168 1111 cum
1196 1044 1306 1110 Christo

124 1153 165 1217 ab
198 1154 329 1236 inferis,
367 1159 401 1219 et
431 1155 501 1238 ipse
532 1155 741 1220 resuscitavit
771 1175 832 1219 nos
863 1175 884 1218 a
915 1153 1065 1217 mortuis.
1114 1151 1164 1215 nt
1193 1171 1231 1215 ex
1257 1150 1305 1215 hoc

54 1266 57 1272 '
125 1254 238 1317 sciatis
262 1254 349 1336 quod
379 1255 568 1321 destructae
599 1259 676 1319 sunt
698 1261 817 1337 portae
840 1253 956 1318 mortis
979 1259 1013 1317 et
1034 1251 1258 1332 tenebrarum,
1280 1257 1305 1314 et

20 1433 24 1441 ⁴
124 1357 253 1422 animae
277 1364 467 1423 sanctorum
489 1359 565 1425 inde
588 1365 666 1425 sunt
689 1365 837 1425 exemtae
861 1358 950 1422 etin
974 1355 1104 1422 caelum
1128 1355 1304 1421 conscende

124 1465 202 1523 runt
232 1482 305 1524 cum
338 1460 472 1527 Christo
505 1462 649 1527 domino.
701 1460 788 1527 Nam
820 1467 854 1526 et
885 1460 981 1526 nobis
1013 1459 1056 1524 ab
1089 1460 1162 1541 ipso
1193 1458 1303 1524 domino

21 1581 34 1605 ⁸
122 1569 338 1646 praeceptum
361 1570 472 1630 estut
495 1572 644 1648 tempore
666 1565 844 1650 praefinito
864 1564 1132 1648 perambulemus
1147 1561 1301 1645 ripaslor·

123 1668 218 1732 danis
249 1675 283 1733 et
308 1675 455 1752 montes;
486 1675 596 1735 tamen
624 1692 692 1735 non
721 1669 872 1736 omnibus
895 1671 1097 1752 apparentes
1119 1688 1224 1751 neque
1243 1687 1299 1731 cun

123 1773 273 1837 omnibus
307 1775 482 1857 loquentes
510 1774 573 1839 nisi
602 1776 722 1857 quibus
751 1775 781 1839 ei
809 1774 981 1858 placuerit.
1025 1773 1073 1838 Et
1095 1772 1192 1837 modo
1214 1790 1298 1856 neque

121 1875 215 1959 loqui
243 1899 350 1960 neque
380 1899 544 1961 apparere
566 1878 660 1944 robis
688 1879 909 1962 potuissemus
937 1877 1002 1942 nisi
1024 1899 1046 1942 a
1068 1877 1187 1959 spiritu
1207 1879 1296 1941 sancto

123 1978 219 2042 nobis
241 1981 437 2061 permissum
460 1980 586 2051 fuisset
1333 1974 1335 2005 ³

208 2099 421 2164 ³Audientes
448 2107 558 2164 autem
585 2100 669 2164 haec
699 2101 804 2164 omnis
832 2096 1008 2163 multitudo
1032 2117 1121 2181 quae
1149 2092 1290 2161 aderatin

123 2201 279 2283 concilio,
307 2202 428 2265 timore
456 2201 626 2283 perterriti
655 2222 693 2265 ac
717 2207 860 2265 tremore
883 2198 1094 2264 mirabantur
1118 2199 1145 2262 si
1167 2198 1240 2262 haec
1256 2214 1290 2258 vc·

122 2302 245 2390 raciter
278 2301 367 2366 facta
398 2302 537 2367 fuissent
569 2322 654 2385 quae
686 2302 741 2366 isti
770 2301 916 2368 Galilaei
948 2300 1178 2365 testificantur.
1223 2297 1287 2363 rue

123 2402 269 2485 Caiphae
292 2410 325 2467 et
339 2403 457 2468 Annas
473 2403 629 2469 dixerunt
651 2403 807 2468 concilio:
829 2401 932 2468 Modo
955 2423 1119 2486 apparere
1141 2401 1234 2466 habet
1249 2416 1286 2482 per

121 2506 232 2571 omnia
255 2525 340 2588 quae
364 2507 419 2570 isti
443 2506 613 2570 testificati
636 2511 729 2589 sunt,
752 2506 844 2588 prius
867 2512 901 2569 et
922 2505 1103 2587 posterius:
1136 2505 1163 2568 si
1185 2504 1238 2567 hoc
1252 2518 1284 2561 re

204 2685 333 2692 ..v—*-

120 2788 154 2835 od
177 2788 240 2846 ina,
269 2787 427 2850 repperimus
447 2787 590 2851 montferle.
631 2785 700 2848 Quos
721 2785 955 2849 interropavimnal
978 2786 1067 2835 Dicite
1083 2784 1155 2834 nobis
1172 2820 1179 2833 .
1194 2821 1200 2835 .
1215 2772 1280 2838 coni

121 2891 185 2938 perae
203 2879 242 2922 ert
261 2872 290 2936 (n
307 2872 378 2935 cunt)
396 2875 459 2921 laec
475 2876 561 2922 anima
580 2871 609 2934 (a
626 2873 673 2921 dae
691 2876 792 2921 animae
810 2875 835 2920 et
852 2888 913 2920 curo
932 2872 1009 2936 (quid
1027 2886 1046 2922 n
1064 2870 1164 2922 habeat
1181 2885 1226 2920 non
1240 2864 1281 2915 sctit

121 2958 259 3023 assequor)
282 2985 292 2996 ·
315 2959 431 3023 defracti
448 2959 545 3023 sciatis
570 2995 577 3008 .
598 2994 605 3006 .
631 2959 782 3022 equidem
800 2959 866 3022 quod
886 2974 933 3007 nor
949 2960 1063 3008 videmus
1080 2974 1125 3007 noe
1142 2953 1281 3020 eorpwald«,

120 3049 228 3099 seientes
246 3063 290 3096 cor
305 3061 359 3096 aare
376 3047 510 3110 defunctae

206 3154 230 3200 2.
270 3150 321 3212 Qui
345 3149 372 3213 (c
395 3151 434 3199 Et
455 3149 518 3213 ἀραί)
543 3175 553 3186 ·
575 3150 770 3199 Rewrreoer'mur
797 3149 825 3211 (c
849 3150 904 3199 Noa
926 3148 989 3210 rec.)
1007 3174 1017 3185 ·
1034 3153 1061 3198 et
1078 3150 1134 3214 ipae
1151 3149 1177 3212 (e
1192 3145 1280 3213 qul&-

57 3225 61 3238 '
120 3251 166 3284 oce
184 3234 211 3298 (c
230 3233 285 3298 om)
308 3261 316 3270 ·
340 3236 378 3284 Ec
396 3250 427 3283 cr
444 3235 490 3284 hoc
513 3233 541 3296 (Δ
560 3235 621 3298 quia
638 3237 699 3292 lm,-
723 3248 738 3285 c
758 3235 823 3285 hacc
842 3235 896 3297 om)
920 3236 1010 3284 aciatis
1028 3234 1056 3295 (c
1074 3234 1129 3284 edd
1147 3225 1281 3299 frairwl

120 3320 279 3370 tenebrarum
297 3318 324 3382 (r
343 3318 426 3382 drae)
451 3316 455 3380 Ι
479 3323 504 3367 et
522 3320 622 3368 animae
639 3345 649 3354 ·
668 3335 722 3367 mam
742 3320 800 3367 car.
819 3320 920 3368 domino
940 3355 969 3369 ..
992 3331 1007 3369 c
1025 3334 1077 3380 per
1095 3322 1176 3367 Ioum
1192 3314 1282 3365 cram

119 3405 256 3461 dominam,
275 3406 319 3467 qui
336 3402 477 3470 expoliavit
494 3405 619 3470 insensum
640 3406 664 3449 ct
682 3403 737 3450 eine
750 3403 893 3467 principem
911 3402 1043 3465 relipavit.
1063 3401 1068 3463 Ι
1089 3402 1156 3451 Nam
1172 3405 1196 3450 ct
1211 3389 1281 3461 (101)

118 3491 191 3540 nobis
208 3517 218 3526 -
236 3507 324 3554 praec.
344 3494 381 3537 est
401 3525 431 3538 ..
451 3504 466 3540 c
484 3491 538 3552 ipse
556 3489 627 3538 nobis
641 3491 776 3553 proecepit
795 3526 824 3538 ..
845 3495 983 3553 praeterea
1001 3501 1037 3539 ΑΒ
1055 3489 1110 3538 add
1128 3489 1170 3553 qui
1185 3503 1225 3536 nce
1237 3499 1249 3532 ο
1260 3493 1282 3527 ⁸²⁵

117 3579 218 3642 pulcris
242 3579 396 3626 remotiore
413 3576 534 3638 dignares
551 3581 589 3625 ent
613 3576 616 3639 Ι
638 3577 778 3642 praefinito
797 3612 804 3626 .
821 3612 827 3625 .
847 3588 962 3638 lupardo
986 3576 990 3638 Ι
1014 3581 1041 3625 et
1062 3581 1160 3626 moster
1176 3613 1183 3626 .
1197 3611 1203 3624 .
1218 3567 1283 3625 mel

121 3664 150 3723 (Β
169 3663 229 3725 non)
253 3663 374 3712 montaum
399 3661 578 3725 (ementibus)
606 3663 610 3726 Ι
638 3678 654 3714 Α
677 3667 761 3711 tamen
783 3678 832 3710 non
855 3663 945 3712 omnib.
963 3663 1149 3726 apparentibus
1169 3666 1204 3712 eet
1218 3658 1283 3709 licite·

121 3767 176 3798 cum
193 3751 334 3800 dominibus
353 3751 422 3815 loqui
440 3751 491 3799 nisi
509 3751 549 3799 cui
567 3749 600 3813 (l)
618 3751 642 3799 ei
658 3751 696 3814 pl.
713 3748 718 3816 Ι
733 3763 750 3799 Β
768 3752 819 3800 uiri
836 3767 853 3799 a
870 3767 909 3800 aa.
930 3767 968 3813 sp.
983 3752 1107 3815 mirri
1124 3764 1224 3801 emm

206 3857 231 3903 3.
265 3855 406 3915 dedicator
424 3853 453 3914 (Β
472 3853 547 3912 oenc)
567 3859 621 3904 aret.
642 3854 671 3915 (Β
690 3853 744 3916 orn)
763 3879 773 3889 ·
791 3854 885 3903 adnot
902 3853 930 3915 (Β
948 3852 1016 3914 crat)
1036 3869 1096 3904 cnm
1116 3867 1149 3906 cn
1168 3889 1195 3903 ·.
1212 3844 1286 3904 ΔΜ

121 3941 252 3989 audientes
273 3942 335 3988 laneo
357 3941 441 3989 onznia
465 3942 508 4003 qui
528 3946 603 3989 eruam
629 3941 633 4003 Ι
660 3941 838 3990 amireletur
865 3938 869 4005 Ι
896 3941 1024 3989 veraciter
1041 3943 1124 4005 sarda
1150 3953 1205 3990 cnm
1225 3947 1284 3988 pc..

121 4041 138 4075 a
154 4027 235 4089 factu
257 4041 320 4073 vera
343 4023 347 4085 Ι
372 4028 533 4075 υἱεεέαπίιιφ
556 4023 560 4087 Ι
587 4026 655 4074 Μ’
678 4026 724 4085 (ΑΒ.
743 4025 822 4087 Nam)
848 4026 891 4073 Ca.
911 4030 937 4073 et
954 4028 1046 4074 Annos
1069 4025 1117 4087 (nn
1136 4021 1285 4082 maced*

120 4113 145 4157 et
170 4110 214 4158 Ca.
251 4111 326 4158 lnfru
350 4110 378 4157 in
402 4109 463 4157 cdd.
484 4110 562 4157 modo
585 4117 628 4159 cst
647 4112 749 4165 ,lanua
776 4109 854 4158 modo
874 4110 974 4172 Aona.)
998 4110 1052 4162 dle.
1076 4110 1184 4159 concillo
1203 4107 1285 4175 (mi

121 4197 189 4245 cad
208 4212 278 4244 omne
297 4193 441 4255 concilium)
461 4220 470 4229 ·
493 4195 566 4243 tabet
585 4211 636 4258 per
653 4212 716 4244 omn.
741 4196 792 4257 (itu
810 4208 857 4256 n(¹;
879 4194 1007 4244 anabau
1024 4196 1121 4258 omnia)
1140 4225 1149 4235 -
1167 4192 1236 4257 tem]-
1248 4183 1286 4236 ¹¹⁸¹
1333 4222 1335 4255 ς

121 4281 149 4337 (Β
167 4282 349 4347 testificantur)
369 4297 412 4343 pr.
433 4285 458 4329 et
476 4286 544 4343 porl-
564 4281 592 4343 (Δ
612 4283 735 4344 primitur
756 4287 781 4330 et
800 4286 904 4344 postea,
929 4281 1031 4343 com):
1059 4283 1082 4329 ri
1101 4281 1130 4343 (r
1146 4285 1170 4330 et
1185 4268 1285 4339 cll-1¹·
1333 4272 1335 4281 '

120 4368 192 4415 rinus
218 4366 247 4426 (Β
270 4380 357 4419 ·num,·
385 4364 445 4412 cdd.
471 4365 497 4413 lr.
523 4366 543 4413 l.
569 4366 625 4426 (la.)
652 4371 678 4414 et
701 4365 810 4413 Leuctae
836 4366 863 4427 (Β
888 4367 968 4423 ·ium,·
995 4377 1030 4416 ΔΒ
1053 4363 1141 4427 Lent.)
1165 4363 1213 4412 vini
1230 4366 1285 4423 pfl*
1333 4390 1335 4413 l

121 4453 151 4514 (Β
168 4453 239 4499 vivos
257 4451 419 4515 inverterent)
441 4450 468 4497 in
491 4448 518 4510 (c
536 4449 591 4512 om)
615 4467 697 4514 corp„
724 4455 749 4498 et
772 4452 795 4498 rt
818 4449 863 4510 (rc
882 4451 937 4512 om)
961 4467 1007 4500 nor
1029 4451 1060 4512 (Α
1078 4450 1134 4512 om)
1158 4463 1197 4498 eor
1217 4451 1284 4496 cufi·
