2896 5062
300 942 370 1013 DE
404 939 766 1014 NATIVITA'I'E
798 939 1057 1015 Mentha*

594 1175 714 1242 Orlror
738 1176 766 1241 Ι.

164 1345 306 1430 ¹Igitur
330 1348 434 1413 beata
463 1355 497 1414 et
519 1349 672 1432 gloriosa
695 1370 832 1432 semper
851 1351 946 1433 virgo
968 1348 1083 1414 Maria
1105 1348 1147 1413 de
1171 1350 1280 1433 stirpe

48 1449 172 1528 rogia
201 1456 237 1514 et
261 1450 395 1516 familia
418 1452 533 1517 David
563 1453 726 1533 oriunda,
757 1454 793 1517 in
820 1453 959 1517 civitate
984 1451 1162 1517 Nazareth
1189 1460 1280 1533 nata,

52 1545 330 1636 Hierosolymis
353 1555 389 1618 in
410 1555 540 1638 templo
561 1555 692 1620 domini
715 1556 849 1620 nutrita
871 1555 949 1620 fuit.
981 1555 1089 1620 Pater
1112 1555 1281 1639 eiusIoa-

53 1648 176 1736 ohim,
193 1662 304 1721 mater
319 1677 398 1721 vero
410 1655 517 1722 Anna
534 1657 725 1724 dicebatur.
749 1659 885 1724 Domus
902 1666 1050 1742 paterna
1066 1680 1107 1723 ex
1119 1657 1282 1724 Galilaea

53 1756 87 1816 el
129 1759 273 1823 civitate
299 1758 492 1839 Nazareth,
524 1767 717 1826 maternum
748 1768 864 1826 autem
890 1782 1000 1844 genus
1026 1782 1068 1826 ex
1094 1760 1280 1827 Bethleem

56 1867 160 1925 erat.
199 1862 211 1895 '
227 1861 311 1928 Vita
328 1883 447 1927 eorum
464 1864 612 1947 simplex
629 1872 664 1928 et
680 1870 777 1929 recta
793 1863 886 1946 apud
903 1863 1092 1944 dominum,
1110 1862 1203 1946 apud
1220 1862 1282 1927 ho·
1352 1894 1354 1898 ·

57 1958 184 2029 mines
200 1965 520 2048 irreprehensibilis
538 1974 614 2031 erat
631 1974 666 2031 et
681 1969 749 2048 pia.
786 1965 876 2031 Nam
894 1987 1029 2031 omnem
1046 1965 1279 2032 substantiam

59 2081 171 2130 suam
187 2067 358 2134 trifariam
376 2070 582 2134 diviserunt:
601 2092 704 2135 unam
721 2078 855 2154 partem
872 2071 1001 2154 templo
1019 2076 1054 2135 et
1069 2071 1191 2153 templi
1209 2091 1279 2134 ser·

59 2163 242 2236 nitoribus
259 2172 519 2256 impendebant,
541 2174 645 2239 aliam
662 2175 858 2258 peregrinis
876 2181 912 2239 et
927 2174 1141 2257 pauperibus
1160 2193 1278 2256 eroga-

64 2262 172 2354 bant,
194 2277 334 2341 tertiam
351 2298 433 2341 suae
452 2276 605 2343 familiae
629 2278 751 2343 usibus
770 2284 805 2342 et
823 2278 892 2343 sibi
909 2277 1144 2343 reservabant.
1192 2279 1202 2310 ³
1220 2276 1277 2340 Ita

65 2367 139 2434 isti
153 2373 213 2442 deo
234 2379 316 2459 cari,
339 2379 539 2444 hominibus
556 2381 616 2462 pii,
637 2402 700 2464 per
716 2402 825 2445 annos
844 2381 985 2446 circiter
1000 2381 1125 2464 viginti
1143 2386 1276 2444 castum

69 2467 167 2542 domi
182 2483 382 2566 coniugium
399 2483 474 2548 sine
492 2483 682 2548 liberorum
698 2485 942 2567 procreatione
961 2482 1181 2549 exercebant.
1206 2482 1276 2549 Vo-

68 2589 344 2668 verumtamen,
369 2589 397 2652 si
419 2587 509 2652 forte
528 2588 613 2653 deus
632 2587 780 2653 donaret
801 2589 851 2652 eis
869 2588 1024 2653 sobolem
1032 2637 1040 2669 ,
1065 2608 1140 2653 eam
1162 2607 1197 2651 se
1216 2584 1277 2650 do-

71 2677 159 2747 ffiini
170 2689 309 2753 servitio
320 2690 596 2773 mancipaturos:
616 2691 714 2756 cuius
726 2693 777 2755 rei
789 2691 901 2773 gratia
918 2689 1275 2774 ettemplumdcmini

69 2775 224 2866 *flissgulis
243 2813 453 2874 perannum
470 2792 570 2856 iestis
588 2791 812 2875 frequentare
830 2792 1001 2858 solebant.

576 3013 696 3080 Oaros
720 3015 769 3079 Π.

162 3181 332 3248 ¹Factum
356 3193 410 3249 est
432 3194 547 3251 autem
570 3196 608 3251 ut
628 3187 876 3252 encaeniorum
896 3187 1067 3252 festivitas
1091 3187 1277 3270 appropin-

57 3276 205 3366 queret,
227 3287 320 3352 unde
338 3310 415 3352 cum
432 3290 612 3354 nonnullis
630 3289 888 3354 contribulibus
906 3292 977 3355 suis
995 3290 1275 3373 Hierosolymam

58 3376 285 3418 L

136 3455 150 3473 ”
170 3462 209 3509 De
221 3464 357 3512 nativitate
370 3451 488 3513 Mariae.-
507 3467 544 3514 sic
559 3467 640 3515 ctiam
657 3466 768 3515 Vellere.
792 3469 852 3516 Non
867 3466 974 3516 ridetur
986 3464 1204 3530 praeponendum
1218 3479 1277 3514 osee

46 3533 285 3610 ”evangeliorum
299 3549 536 3612 quodanteacnm
551 3552 652 3601 Febris.
667 3552 777 3602 et‘l'hil.
792 3552 942 3616 praeposui

138 3625 162 3687 1,
181 3634 203 3679 1.
229 3630 328 3696 lpum:
346 3651 383 3683 src
397 3639 429 3685 nt
442 3637 555 3686 Vellere
570 3636 657 3686 edidit
669 3638 751 3687 etiam
765 3638 822 3687 cod
836 3638 895 3686 Par.
921 3637 1075 3685 sustulerat
1088 3636 1191 3686 Fabrrr
1206 3651 1276 3686 eum·

43 3693 86 3743 ‘¹¹¹
90 3711 111 3746 Ε
133 3729 195 3765 cum
209 3717 352 3783 Thil.1pee
366 3726 475 3770 secutus
489 3737 546 3770 sum
560 3739 589 3772 in
602 3739 652 3786 pri
666 3723 707 3773 ed.

38 3842 82 3903 P
137 3802 163 3848 2
182 3803 241 3851 Ρη
255 3820 296 3853 om
309 3810 335 3853 et
347 3811 418 3854 recta
438 3803 442 3871 j
462 3807 529 3855 Nam
541 3823 662 3856 omnem·
653 3811 859 3858 -reseroabaan
879 3810 913 3859 cf.
928 3809 969 3857 Ps.
984 3808 1083 3858 Matth.
1097 3823 1190 3872 evang.
1206 3808 1231 3866 Ι,
1252 3811 1275 3858 1.

36 3872 191 3976 i‘0xime
204 3889 239 3937 sd
252 3891 318 3940 haec
332 3893 465 3955 scriptura
477 3894 584 3944 aceedit
597 3894 698 3944 codicis
713 3895 881 3944 Ambrosiani
895 3894 924 3957 (i
939 3910 960 3944 e
975 3893 1013 3954 s).
1043 3893 1095 3941 Pro
1108 3894 1276 3943 servitoribus

36 3944 101 3999 θ
122 3976 304 4025 comeatibus
317 3977 407 4027 habet

34 4098 89 4148 1
141 4056 225 4108 Ita
237 4062 303 4110 arti
316 4062 445 4112 obeant:
439 4064 493 4112 mes
504 4064 641 4113 simillima
653 4064 724 4128 apud
736 4064 849 4114 Pseudo
853 4064 951 4113 blattb
968 4065 988 4121 Ι,
1004 4066 1069 4127 lsq.
1086 4078 1116 4111 ex
1128 4063 1186 4112 cod
1199 4064 1274 4112 hmb

79 4133 642 4212 ¹estdomtnoinstaretlomiaibuspiuu
660 4152 725 4200 item
741 4149 1189 4205 roverasoaustrasiaeusdaren
1208 4149 1273 4198 item

47 4209 281 4280 ‘'¹¹12lueraao
296 4232 423 4296 pdosaret
435 4251 485 4284 en
499 4235 556 4285 Par.
570 4237 675 4287 eisdem.
690 4235 767 4301 [Par.
782 4253 823 4285 oin
836 4241 862 4286 et
876 4243 939 4286 onte
953 4236 1038 4298 templ.
1052 4236 1118 4285 dom.

24 4313 174 4442 λιιιΙΙ.
195 4316 245 4366 Per
267 4324 354 4369 totum
377 4326 458 4384 caput
479 4337 565 4385 paene
587 4322 620 4372 ad
643 4322 750 4373 verbum
773 4324 912 4372 consentit
934 4323 992 4372 cod.
1013 4322 1086 4371 ..lmb
1110 4322 1138 4370 in
1158 4321 1273 4370 Pseudo·

133 4400 169 4448 tb.
184 4403 218 4461 ll,
238 4406 261 4451 l

143 4488 164 4535 1
189 4489 231 4539 lbi
248 4494 305 4540 est.
332 4492 438 4541 Factum
456 4498 494 4542 ert
518 4498 600 4544 artem
619 4510 699 4543 cam·
717 4510 839 4557 approp„
866 4491 977 4544 locatim
995 4508 1077 4541 eam·
1068 4491 1274 4540 deflectimur»

120 4554 222 4621 Ενιης.
215 4583 289 4622 apocr.
300 4573 334 4614 etl.
345 4574 498 4617 'l'lschendort
513 4574 554 4616 Ed
564 4575 592 4617 ll.
1042 4580 1059 4627 8
