2880 5062
123 332 163 394 76
324 332 658 384 PSBUDO·MATTHAE1
676 332 919 383 avuncunlum
949 330 1024 383 cal).
1043 294 1136 381 XIII.v

596 584 717 650 Oarur
740 583 849 649 XIII.

208 756 377 820 ⁴Factum
393 763 448 822 est
463 762 579 821 antem
595 764 676 839 post
692 756 911 839 aliquantum
927 761 1066 838 tempus
1082 760 1123 819 ut
1137 752 1236 819 fieret
1246 774 1322 836 pro·

122 858 230 923 fessio
248 880 289 923 ex
308 858 424 924 edicto
436 858 599 924 Caesaris
609 857 775 943 Augusti,
794 865 833 923 ut
842 858 1067 942 profiteretur
1082 856 1314 941 unusquisque

122 963 158 1026 in
173 962 289 1044 patria
305 982 378 1027 sua.
409 961 509 1027 Haec
527 960 701 1045 professio
724 961 819 1028 facta
834 968 888 1027 est
908 984 930 1028 a
944 960 1107 1046 praeside
1124 958 1244 1044 Syriae
1258 956 1310 1042 Cy·
1339 992 1344 1005 ·

121 1066 209 1129 rino.
239 1063 395 1130 Necesse
418 1071 535 1129 autem
556 1064 674 1130 fuerat
695 1071 735 1131 ut
749 1065 881 1148 Ioseph
898 1086 976 1130 cum
991 1063 1107 1128 Maria
1127 1061 1306 1145 proficisoe

120 1174 218 1232 retur
232 1166 475 1249 inBethleem,
493 1169 577 1251 quia
596 1168 721 1233 exinde
739 1175 824 1250 erat,
843 1174 879 1233 et
888 1167 1004 1234 Maria
1020 1166 1062 1232 de
1074 1165 1172 1231 tribu
1184 1163 1266 1229 Iuda
1277 1170 1303 1228 et

121 1269 164 1334 de
186 1270 287 1336 domo
309 1291 349 1334 ac
370 1270 485 1352 patria
504 1270 629 1336 David.
666 1269 752 1337 Cum
778 1292 860 1355 ergo
883 1269 1015 1354 Ioseph
1040 1276 1075 1334 et
1097 1268 1213 1333 Maria
1231 1268 1302 1332 irent

120 1374 287 1456 perviam
304 1394 393 1455 quae
411 1371 509 1437 ducit
524 1373 725 1456 Bethleem,
748 1374 837 1439 dixit
852 1373 969 1439 Maria
989 1356 1196 1455 adIoseph:
1223 1369 1300 1434 Duos

120 1474 270 1558 populos
290 1475 390 1540 video
416 1480 496 1540 ante
519 1497 590 1557 me,
616 1498 724 1540 unum
745 1476 887 1542 flentem
916 1483 951 1540 et
975 1475 1084 1540 alium
1104 1472 1300 1556 gaudentem.

40 1606 44 1621 =
122 1575 187 1642 Cui
208 1578 391 1660 respondit
406 1578 551 1661 Ioseph:
585 1577 676 1644 Sede
695 1585 730 1644 et
746 1586 827 1645 tene
843 1585 878 1644 te
895 1579 933 1644 in
949 1579 1106 1643 iumento
1123 1582 1185 1641 tuo
1202 1580 1235 1639 et
1247 1570 1301 1638 noli

121 1680 411 1763 superfluarerba
423 1680 532 1763 loqui.
557 1680 656 1746 Tunc
673 1682 837 1766 apparuit
852 1702 941 1765 puer
957 1680 1140 1764 speciosus
1157 1683 1233 1743 ante
1248 1694 1301 1753 eor,

120 1783 266 1848 indutus
276 1789 370 1847 veste
383 1782 579 1865 splendida,
592 1789 628 1848 et
638 1783 727 1848 dixit
737 1783 781 1849 ad
792 1783 937 1866 Ioseph:
963 1780 1080 1865 Quare
1092 1781 1211 1847 dixisti
1219 1776 1303 1843 verba

121 1885 298 1969 superflua
314 1905 390 1950 esso
409 1884 452 1949 de
470 1884 607 1950 duobus
624 1885 765 1969 populis
783 1884 825 1950 de
843 1884 971 1969 quibus
989 1885 1110 1951 locuta
1125 1889 1179 1949 est
1187 1874 1302 1947 Maria?

119 1987 294 2071 Populum
317 1990 408 2054 enim
423 1987 636 2053 Iudaeorum
657 1988 798 2053 flentem
817 1988 919 2071 vidit,
942 1987 1026 2070 quia
1046 1987 1194 2051 recessit
1215 1980 1300 2049 adeo
1348 2072 1350 2081 Ι

121 2112 195 2172 suo,
218 2098 253 2157 et
271 2092 440 2176 populum
461 2092 618 2175 gentium
639 2090 861 2174 gaudentem,
885 2091 969 2175 quia
988 2089 1141 2154 accessit
1162 2092 1197 2152 et
1213 2100 1300 2169 prope
1348 2088 1350 2165 s

121 2194 235 2259 factus
262 2201 316 2260 est
344 2194 389 2260 ad
414 2194 607 2275 dominnm,
639 2194 832 2258 secundum
858 2191 952 2276 quod
976 2192 1141 2275 promisit
1166 2186 1301 2274 patribus
1347 2168 1350 2275 Ι

121 2297 251 2361 nostris
267 2295 460 2378 Abraham,
484 2297 585 2362 Isaac
603 2301 638 2361 et
652 2297 777 2376 Iacob;
800 2302 938 2379 tempus
962 2295 1054 2360 enim
1077 2293 1216 2359 advenit
1228 2294 1260 2354 ut
1270 2286 1300 2348 in
1347 2280 1350 2365 Ι

121 2400 253 2465 semine
270 2398 435 2464 Abrahae
453 2398 654 2465 benedictio
673 2399 834 2464 omnibus
855 2396 1020 2481 gentibus
1038 2396 1221 2461 tribuatur.
1348 2440 1350 2467 ,

207 2503 283 2567 'Et
303 2524 379 2566 cum
401 2501 488 2567 haec
510 2501 672 2584 dixisset,
699 2502 804 2565 iussit
828 2499 975 2584 angelus
1002 2505 1095 2563 stare
1120 2500 1300 2564 iumentum,
1348 2492 1350 2561 Ξ

122 2607 204 2688 quia
226 2611 363 2688 tempus
385 2605 573 2670 advenerat
592 2603 768 2687 pariendi3
790 2610 826 2668 et
846 2603 1028 2686 praecepit
1049 2599 1252 2691 descendere
1265 2591 1300 2655 de

190 2848 265 2905 xm,
285 2851 310 2898 1.
336 2853 433 2912 tempus
444 2854 476 2897 nt
487 2861 555 2906 ηας
572 2862 609 2897 nr.
622 2849 742 2911 terrporie
755 2845 759 2912 Ι
773 2847 887 2912 utfieret
898 2851 930 2896 nt
942 2858 1031 2905 enom
1047 2859 1065 2894 a
1077 2847 1191 2911 utsaoto
1200 2836 1266 2900 erret!
1278 2833 1308 2881 *i

115 2935 285 3000 profiteretur
302 2943 333 2983 ιιι
343 2947 414 2992 eam
433 2945 448 2982 c
465 2938 493 2982 eet
501 2934 724 2998 proficisceretur,
742 2947 759 2982 a
772 2936 801 2981 eet
808 2936 972 2996 properaret.
996 2931 1143 2981 Praeterea
1155 2942 1191 2980 aa
1202 2926 1248 2978 edd
1256 2916 1308 2971 υἷ’

120 3036 207 3068 vererer
218 3020 294 3078 orbis,
308 3034 362 3068 non
377 3020 442 3068 item
455 3031 509 3067 cna
522 3016 526 3082 Ι
540 3019 568 3066 ire
577 3019 670 3082 patrio
681 3034 728 3066 rua
740 3025 771 3066 nt
784 3033 816 3076 ις
834 3029 870 3067 cn
882 3018 910 3065 ire
918 3017 1036 3081 patriam
1048 3033 1129 3074 mm,
1146 3029 1163 3065 n
1175 3015 1208 3064 ad
1215 3028 1253 3079 pa
1262 3020 1316 3057 Μ

119 3117 136 3152 a
150 3106 176 3151 tr
185 3105 345 3168 provinciam
353 3121 424 3152 eoam
438 3101 442 3168 Ι
448 3105 530 3168 facto
542 3107 593 3153 ert:
606 3105 719 3167 aprima
723 3105 768 3167 fa.
781 3108 826 3161 eet,
840 3117 859 3152 1>
868 3104 986 3167 primos.
999 3117 1030 3160 e.‚
1043 3103 1094 3166 ns.
1107 3119 1129 3151 e.
1139 3103 1227 3167 primo.
1247 3094 1320 3144 ltssffl

120 3188 295 3254 nHaeosoct.
308 3195 346 3239 eet
352 3191 424 3256 prof.
432 3190 519 3254 primo
531 3186 535 3254 Ι
551 3190 695 3253 opraeeide
705 3202 736 3239 ιιι
746 3201 815 3249 acm
827 3202 863 3237 me
872 3189 917 3238 eut
924 3205 967 3252 pr.
982 3188 985 3253 Ι
999 3201 1037 3237 mr
1048 3187 1137 3236 Oirireo
1148 3188 1153 3253 Ι
1169 3187 1227 3236 Nee.
1237 3176 1326 3231 M

111 3277 208 3340 suerat
218 3281 249 3325 nt
262 3289 312 3335 ους
331 3289 348 3324 ιι
361 3276 449 3340 etfcit
460 3292 522 3331 rec,
535 3288 571 3324 ea
577 3276 636 3339 seit
647 3291 708 3339 erpo
719 3291 772 3323 rer.
786 3273 790 3336 Ι
807 3278 900 3324 certet
912 3274 964 3323 Ios.
979 3271 983 3339 Ι
996 3286 1014 3322 n
1027 3289 1048 3322 e.
1061 3272 1134 3323 Mar.
1143 3273 1233 3338 profic.
1242 3253 1331 3317 ΒΨ

121 3362 195 3418 leem
210 3374 228 3410 Δ
237 3362 406 3427 profiteretur
418 3377 473 3409 cem
485 3360 560 3409 beata
572 3361 664 3410 Maria
677 3363 702 3410 ir
714 3364 761 3410 Be.
773 3357 777 3425 Ι
796 3361 902 3410 Maria:
919 3372 937 3408 Β
950 3357 1003 3408 add
1016 3360 1122 3423 coriepe
1133 3375 1180 3409 eea
1193 3357 1197 3422 Ι
1210 3355 1262 3420 orit
1270 3350 1336 3398 μ’

120 3448 178 3497 tede
191 3448 238 3508 (aa
249 3448 318 3509 iude)
330 3453 388 3496 erat
401 3448 449 3509 (aa
459 3446 512 3496 add
522 3446 625 3510 Ioseph)
638 3472 647 3483 ·
661 3463 692 3495 oc
700 3448 795 3512 patrio
806 3448 854 3509 (aa
867 3451 894 3495 et
896 3444 1019 3511 familia)
1031 3446 1085 3493 Da.
1095 3451 1127 3494 ut
1136 3456 1186 3502 ους
1199 3445 1256 3492 item
1264 3438 1324 3487 ιθ
1336 3428 1343 3469 ”’

119 3546 136 3581 n
145 3548 208 3583 vero
219 3535 280 3597 quic
291 3534 322 3582 de
333 3533 480 3582 tribulacio
488 3536 572 3589 nort,
584 3534 616 3580 de
624 3532 697 3581 domo
710 3537 736 3581 et
743 3533 837 3596 patria
845 3533 898 3580 Da.
911 3528 915 3596 Ι
931 3530 983 3580 Ioe.
996 3535 1022 3580 et
1034 3529 1082 3592 (aa
1092 3530 1146 3579 edd
1156 3529 1239 3590 beato)
1248 3513 1349 3575 hs·

120 3626 152 3667 ut
163 3630 226 3676 cen,
242 3632 259 3667 a
272 3633 322 3668 orn.
346 3633 365 3669 n
378 3632 421 3668 om
434 3635 488 3667 oum
500 3618 556 3667 Mo.
567 3618 696 3683 proficier.
710 3619 736 3665 ir
747 3617 844 3675 Berua,
857 3618 924 3666 itam
938 3616 998 3664 (bem
1009 3630 1071 3678 erpo
1083 3615 1123 3665 Io.
1136 3619 1161 3664 et
1173 3615 1227 3665 Ha.
1248 3595 1350 3662 Hir&

120 3708 230 3769 poetae:
249 3706 327 3753 Dixit
338 3709 421 3753 actare
435 3702 439 3768 Ι
453 3705 538 3752 ducit:
557 3715 573 3751 c
586 3702 639 3752 edd
652 3704 687 3761 ier,
700 3715 719 3750 ι)
733 3703 768 3751 od
781 3700 785 3767 Ι
800 3715 816 3752 o
828 3718 896 3765 rerp.
909 3702 961 3752 Ioe.
980 3705 1006 3749 et
1017 3701 1086 3750 creir
1099 3699 1104 3766 Ι
1117 3700 1176 3749 eede
1191 3704 1217 3749 et
1227 3704 1275 3748 aar
1291 3672 1350 3739 κ’

122 3796 165 3840 etc
177 3796 208 3839 ut
221 3803 272 3849 οὓς
290 3791 376 3839 aeede
388 3796 414 3839 et
425 3796 481 3840 terre
490 3791 632 3846 iumentum,
645 3802 681 3836 aa
694 3791 753 3838 rede
771 3791 798 3837 in
817 3791 925 3838 iumento
938 3793 981 3838 teo
995 3787 999 3851 Ι
1009 3805 1092 3852 perer:
1110 3801 1129 3836 e
1141 3787 1196 3838 edd
1207 3778 1350 3852 quiae!

121 3888 137 3923 u
151 3880 210 3924 turre
222 3892 282 3940 app.
300 3877 323 3924 ei
339 3875 446 3938 orpelue
456 3877 565 3934 domini,
584 3878 687 3924 indutae
701 3875 705 3941 Ι
720 3889 756 3923 aa
775 3876 827 3924 iud.
840 3879 908 3924 certe
919 3874 1047 3931 eandida,
1065 3874 1109 3938 qei
1120 3874 1190 3923 dreit
1202 3872 1207 3938 Ι
1219 3842 1350 3937 ff

121 3977 174 4011 eece
186 3962 214 4022 (ιι
226 3977 279 4010 eree
290 3960 374 4023 ειμι·
392 3973 407 4011 c
420 3976 462 4011 om
475 3979 527 4011 eree
546 3961 549 4027 Ι
569 3963 601 4011 de
612 3962 702 4027 quitur
714 3966 758 4011 otc
776 3966 808 4010 ut
821 3973 892 4020 aum
912 3972 927 4008 c
941 3976 1006 4024 quoe
1022 3960 1121 4010 oedirti
1132 3960 1252 4010 dicentem
1261 3945 1350 4007 19

121 4050 202 4105 riom,
220 4061 237 4096 a
250 4047 316 4112 quod
328 4048 425 4096 aedisti
439 4048 442 4111 Ι
457 4061 473 4094 r
486 4048 553 4096 Nom
565 4048 689 4113 poputum
701 4043 705 4111 Ι
722 4047 783 4110 quia
795 4045 843 4108 (aa
857 4047 910 4110 qui)
923 4063 975 4095 ree.
993 4063 1011 4094 a
1027 4047 1075 4096 deo
1093 4062 1139 4096 ereo
1152 4046 1181 4108 (lt
1192 4061 1236 4096 orn
1244 4041 1311 4105 neb*

118 4135 284 4198 pandentem:
296 4148 312 4182 a
325 4134 378 4183 edd
390 4131 512 4198 respicit!
528 4137 603 4198 quio.-
616 4148 652 4182 aa
665 4134 708 4199 qui
720 4136 772 4183 iam
784 4130 787 4197 Ι
804 4139 829 4183 et
837 4150 914 4198 prop.
919 4136 991 4198 sort.
1004 4138 1044 4183 eet
1054 4134 1090 4182 aa
1101 4134 1167 4183 dom.
1180 4139 1212 4183 ut
1223 4146 1270 4191 ους
1280 4144 1324 4179 ν

121 4227 146 4271 et
155 4237 231 4285 prop.
243 4237 260 4269 a
272 4221 421 4284 domirosa.
434 4224 486 4275 ert‚·
499 4233 515 4267 r
528 4220 563 4268 od
575 4221 639 4270 dom.
654 4216 658 4284 Ι
668 4221 805 4284 promisit:
822 4232 838 4267 a
852 4220 905 4269 add
917 4221 979 4268 deur
993 4216 997 4283 Ι
1010 4221 1121 4269 roetrie:
1134 4234 1152 4269 n
1165 4220 1255 4270 cestrie
1265 4216 1271 4282 Ι
1282 4230 1350 4265 ν

122 4309 237 4358 Abroom
1107 4290 1119 4317 ¹

191 4397 215 4443 2.
234 4391 341 4455 cupetur
350 4390 564 4453 (radddomimp
574 4405 640 4442 nom
652 4390 656 4457 Ι
668 4393 730 4456 quio
739 4389 899 4454 (ceddum)
911 4395 985 4455 temp.
996 4391 1054 4440 odo.
1062 4408 1124 4456 par.
1135 4380 1350 4454 (inparodd

121 4484 153 4529 ut
165 4491 253 4538 enen,
272 4491 289 4527 r
301 4493 344 4526 om
359 4475 362 4542 Ι
376 4481 402 4526 et
410 4494 453 4542 pr.
468 4503 476 4513 ·
489 4477 679 4527 subterraneam
696 4486 727 4527 nt
740 4490 789 4537 ους
807 4479 872 4528 item
885 4491 901 4526 n
913 4481 940 4526 et
948 4493 991 4541 pr.
1004 4477 1072 4526 decr.
1085 4477 1156 4526 Mar.
1168 4478 1201 4527 de
1211 4477 1281 4526 rein·
