2880 5062
291 342 494 395 DESCENSUS
513 345 655 397 CHRISTI
673 346 719 396 An
738 345 899 396 lusnuoe
928 345 1036 395 1411.
1203 344 1266 407 423

58 494 250 562 aeternales
276 493 459 561 sustollite:
487 516 546 560 rex
572 494 698 579 gloriae
722 493 874 561 Christus
902 495 1055 561 dominus
1082 473 1266 562 ixitruturus

58 599 227 667 adveniet.

56 722 61 730 ⁴
153 703 276 770 ⁸Tunc
303 705 444 772 Satanas
473 706 539 771 dux
567 706 685 771 mortis
707 705 854 788 advenit,
885 706 1016 790 fugiens
1038 707 1188 787 territuS,
1220 708 1267 772 di·

60 831 145 877 cens
172 809 334 876 ministris
363 811 432 878 suis
459 817 494 876 et
520 810 653 876 inferis:
685 810 833 875 Ministri
862 811 928 876 mei
956 817 989 876 et
1017 833 1130 877 omnes
1158 813 1267 895 inferi,

62 912 270 994 concurrite,
302 919 415 996 portes
438 919 565 980 vestras
596 913 754 996 claudite,
784 919 894 979 vectes
925 914 1051 980 ferreos
1080 915 1266 998 supponite,

62 1024 99 1084 et
121 1024 267 1102 pugnate
290 1019 423 1084 fortiter
446 1024 479 1084 et
500 1019 661 1100 resistite,
693 1040 734 1083 ne
758 1023 907 1085 tenentes
930 1020 1133 1102 captivemur
1155 1042 1175 1084 u
1196 1021 1266 1085 vin-

63 1121 160 1189 culis:
210 1122 304 1188 Tunc
342 1124 445 1207 impie
482 1123 593 1188 officia
629 1123 700 1188 eius
739 1123 851 1188 omnis
887 1123 1084 1188 conturbata
1120 1129 1199 1189 sunt
1234 1133 1267 1189 et

64 1234 249 1311 coeperunt
270 1235 383 1311 portas
405 1229 523 1294 mortis
552 1250 625 1292 cum
655 1228 745 1292 omni
768 1227 940 1312 diligentie
967 1227 1132 1309 claudere,
1164 1250 1267 1294 seras-

64 1354 132 1417 que
154 1339 188 1398 et
208 1338 319 1398 vectes
345 1332 472 1399 ferreos
498 1332 659 1415 paulatim
688 1333 839 1416 iungere,
871 1333 1046 1415 omniaque
1074 1338 1268 1399 ornamenta

65 1456 128 1500 eun
149 1434 275 1498 strictis
297 1434 450 1501 manibus
473 1440 585 1500 tenere
610 1438 643 1498 et
664 1433 870 1517 proc-lomere
893 1433 1038 1499 ululatus
1060 1434 1151 1500 dirae
1176 1435 1266 1500 vocis

65 1561 105 1605 eo
128 1538 325 1603 teterrimae.

482 1762 601 1828 CAPuu
625 1762 694 1828 III.
725 1762 851 1848 (XIX.)

154 1915 276 1982 ¹Tunc
309 1915 411 1982 Satan
443 1915 527 1981 dixit
558 1915 599 1981 ad
630 1917 814 1982 infernum:
849 1917 1018 2000 Praepare
1048 1923 1080 1982 te
1112 1916 1153 1981 ad
1184 1916 1266 1982 reei-

65 2017 223 2102 piendum
256 2040 354 2101 quem
386 2018 448 2082 tibi
480 2017 657 2084 deduxere.
707 2018 839 2083 Dehinc
871 2018 1018 2083 infernus
1047 2017 1188 2084 Satanae
1219 2017 1268 2082 ita

64 2118 257 2204 perintulit:
288 2119 365 2186 Vox
394 2119 459 2184 iste
485 2142 550 2185 non
579 2121 643 2185 fuit
669 2121 734 2185 nisi
757 2144 777 2186 s
800 2121 943 2186 clamore
966 2119 1025 2184 filii
1048 2121 1152 2203 pst-ris
1174 2120 1266 2185 altis-

64 2221 157 2300 simi,
180 2221 260 2304 quia
281 2221 330 2286 ita
350 2228 441 2286 terra
464 2229 498 2286 et
521 2223 633 2288 omnia
654 2222 753 2288 inferi
775 2223 850 2288 loce
872 2222 933 2286 sub
957 2223 1030 2306 ipse
1053 2221 1268 2288 contremuit:

64 2325 153 2391 unde
184 2331 264 2408 puto
299 2348 351 2390 me
382 2332 415 2390 et
447 2326 558 2391 omnia
584 2327 715 2392 vincula
745 2349 819 2392 mee
846 2327 911 2392 iam
943 2333 1058 2409 aperte
1088 2333 1266 2410 patescere.

64 2428 134 2496 sed
165 2429 282 2495 adiuro
315 2436 364 2512 te,
402 2429 543 2512 Satanae,
580 2437 679 2512 caput
709 2431 871 2496 melorum
904 2432 1068 2514 omnium,
1104 2453 1162 2515 per
1193 2437 1266 2496 tues

63 2555 222 2616 measque
249 2534 402 2615 virtutes,
433 2554 475 2598 ne
506 2532 668 2616 perducas
700 2554 773 2598 eum
803 2532 844 2598 ud
870 2555 935 2616 me,
967 2556 1008 2599 ne
1031 2534 1107 2600 dum
1130 2534 1267 2599 velimus

62 2659 141 2702 eum
166 2658 284 2719 capere
308 2636 513 2719 captivemur
536 2634 576 2699 ab
600 2656 650 2699 eo.
686 2632 773 2700 Num
797 2636 826 2700 si
848 2635 890 2700 nd
907 2657 1022 2701 vocem
1045 2636 1117 2700 eius
1137 2640 1266 2700 tentum

63 2741 175 2806 omnis
198 2740 303 2805 virtus
326 2761 399 2805 mee
422 2740 470 2804 ite
491 2738 660 2804 destructe
682 2744 745 2822 est,
773 2739 854 2823 quid
881 2746 977 2822 putes
1005 2761 1078 2805 eum
1102 2740 1266 2804 sucturum

62 2844 143 2910 dum
166 2844 356 2927 praesentia
377 2843 448 2908 eius
471 2842 662 2909 advenerit?

151 2955 242 3022 'Cui
274 2957 377 3024 Satan
410 2955 476 3019 dux
507 2955 625 3021 mortis
656 2955 704 3019 ite
736 2953 925 3037 respondit:
964 2953 1053 3039 Quid
1091 2954 1265 3020 clamitas?

151 3237 178 3284 2.
216 3234 257 3284 Cf.
278 3235 298 3282 A
319 3235 350 3292 V,
368 3237 392 3283 1.
423 3233 491 3282 Tune
509 3236 538 3296 (Β
556 3234 594 3282 Et
612 3233 682 3295 iuno)
702 3234 816 3282 Saturne
834 3233 861 3296 (c
880 3232 975 3295 Setae)
995 3269 1023 3282 ..
1044 3246 1059 3284 c
1078 3232 1131 3282 edd
1150 3250 1203 3283 emm
1222 3251 1265 3281 αα-

61 3324 142 3373 dissei
166 3325 171 3381 Ι
196 3336 211 3373 c
230 3338 271 3370 om
288 3322 396 3385 sepiem
420 3324 424 3382 Ι
448 3322 574 3370 ministris
598 3321 626 3384 (Β
644 3320 752 3382 seriis)
778 3321 832 3370 secie
849 3326 875 3370 et
891 3322 984 3386 inseris
1007 3320 1052 3383 (Ac
1071 3336 1113 3369 om
1136 3325 1160 3368 ei
1179 3321 1239 3386 ies.)
1261 3318 1264 3383 Ι

62 3408 133 3458 Mi».
147 3408 196 3455 mei
213 3411 238 3455 ei
256 3423 319 3457 omn.
339 3406 388 3470 ins.
409 3405 438 3466 (Β
457 3422 498 3453 om
517 3410 542 3454 et
559 3405 657 3470 eins.)
678 3440 706 3454 ..
726 3419 741 3456 c
762 3407 784 3453 0
802 3406 880 3470 inferi
895 3407 899 3462 Ι
916 3420 930 3457 c
948 3406 1073 3454 recludite
1088 3406 1094 3465 Ι
1108 3422 1139 3454 ne
1157 3410 1266 3455 terentes

62 3493 91 3554 (c
109 3489 217 3551 detenti)
237 3490 393 3554 captivemur
413 3491 440 3549 (A
459 3488 611 3550 entire-mer)
630 3505 647 3536 a
669 3489 696 3550 (c
715 3489 752 3552 iu)
771 3492 837 3538 eine.
861 3488 865 3549 Ι
888 3501 904 3538 Β
923 3505 964 3538 om
988 3490 1042 3538 eius
1059 3491 1144 3538 omma
1164 3488 1169 3552 Ι
1190 3506 1264 3539 ornn-

61 3579 148 3626 meeta
167 3591 225 3624 cum
243 3591 260 3627 A
280 3609 310 3624 ··
331 3589 346 3626 c
365 3580 522 3624 armamenta
542 3611 548 3625 .
566 3611 572 3624 .
592 3588 609 3625 Β
628 3591 670 3624 om
691 3578 695 3633 Ι
716 3579 800 3625 tenere
820 3610 849 3624 ..
869 3589 902 3626 ,Ac
923 3577 1055 3639 perieperr
1075 3577 1080 3638 Ι
1100 3577 1265 3638 proclamare

63 3698 93 3713 ..
115 3677 133 3712 A
147 3678 265 3724 promere
281 3665 285 3720 Ι
301 3674 316 3711 c
334 3661 459 3710 ululatum

149 3756 245 3813 111,1.
284 3756 324 3806 Cf.
342 3755 366 3803 A
385 3756 431 3812 lV,
451 3759 476 3804 3.
511 3756 671 3804 Seleucum
690 3766 723 3806 Bc
743 3789 772 3804 ..
793 3769 810 3806 A
829 3755 943 3803 Satanae
960 3755 1012 3803 dun
1031 3754 1139 3816 mortio!
1158 3756 1205 3804 tibi
1222 3758 1263 3805 de·

60 3843 125 3891 dec.
145 3855 205 3889 cum
224 3852 257 3891 Bc
278 3876 307 3889 ..
327 3840 452 3891 Adicere
471 3839 519 3887 tibi
542 3842 546 3896 Ι
566 3839 706 3901 periniuiit
729 3855 788 3889 eum
807 3852 835 3897 c,
859 3853 877 3890 A
890 3839 1003 3902 pertulit
1023 3873 1051 3888 ..
1072 3851 1089 3889 Β
1107 3842 1238 3904 respondit
1259 3846 1263 3913 Ι

59 3927 148 3980 mic
165 3927 246 3992 inseri
264 3926 322 3976 loca
346 3926 434 3989 (com
454 3924 523 3988 heco)
548 3961 554 3975 .
576 3960 583 3975 .
608 3941 626 3976 A
646 3928 727 3975 ororii
744 3927 787 3975 vix
805 3927 922 3989 infernus
944 3924 949 3988 Ι
974 3927 1108 3976 cAdiero
1132 3928 1213 3991 ἐρίων
1231 3933 1263 3989 ie,

51 4017 148 4080 frater
167 4014 251 4063 Satan
272 4010 277 4077 Ι
298 4030 355 4076 cap.
372 4014 434 4062 mal.
455 4029 521 4063 omn.
547 4029 605 4062 cum
624 4025 657 4063 Bc
677 4045 706 4060 ·.
727 4028 743 4064 A
762 4013 805 4076 qui
823 4029 850 4061 ee
866 4013 974 4062 omnium
991 4013 1083 4062 emulor.
1103 4014 1239 4076 intemptor
1258 4013 1262 4077 Ι

59 4099 172 4149 eoum
188 4113 247 4146 cum
266 4110 300 4150 nc
320 4132 349 4147 ..
369 4113 385 4149 A
402 4115 483 4161 pesae
498 4102 502 4156 Ι
519 4114 549 4146 ee
567 4097 596 4157 (Β
614 4100 647 4153 ei,
666 4109 681 4146 c
700 4095 772 4159 quio)
791 4097 849 4144 dueu
867 4097 971 4146 veliem
990 4096 1019 4156 (Β
1036 4097 1157 4155 volumus,
1179 4113 1194 4148 A
1213 4098 1262 4146 oel-

60 4182 181 4245 ἰωὴ·
200 4183 231 4231 at
249 4200 278 4232 eo
303 4181 330 4244 (c
349 4183 416 4247 ipro)
441 4187 445 4239 1
471 4183 537 4231 Nom
554 4182 578 4230 ei
596 4207 605 4216 ·
624 4182 663 4228 ita
681 4182 708 4243 (c
727 4182 780 4244 om)
799 4181 878 4230 destr.
899 4186 937 4231 est
960 4198 1019 4231 oum
1038 4195 1071 4233 Ac
1096 4215 1127 4230 ·.
1150 4182 1218 4230 Nem
1240 4184 1263 4230 si

58 4271 144 4321 omis
161 4287 217 4319 mec
234 4271 296 4319 virt.
315 4271 367 4318 iam
384 4271 506 4334 deserente
523 4272 561 4318 eet
582 4269 586 4330 Ι
606 4283 660 4316 eum
678 4268 729 4330 (ite
748 4284 779 4327 Α(
802 4281 819 4318 Β
837 4265 887 4328 me)
903 4272 1039 4332 βαι-(ωιτη
1058 4303 1064 4316 .
1081 4300 1088 4317 .
1108 4281 1123 4318 c
1137 4270 1263 4333 facturus

59 4354 756 4420 edldsm..3cemlproemiia..cpoieoiic
1001 4413 1004 4419 1

147 4445 173 4493 2.
212 4440 294 4492 ΟΜ
319 4442 365 4500 IV,
383 4445 408 4492 2.
439 4441 522 4490 eatae
540 4465 549 4476 ·
568 4441 701 4505 respondit
722 4454 781 4489 com
799 4452 833 4491 Ac
853 4474 883 4490 ..
903 4451 921 4489 Β
939 4438 1023 4488 smmi
1044 4439 1111 4488 dieii
1134 4437 1140 4500 Ι
1165 4437 1262 4500 Quie-
