2880 5062
324 341 659 394 Peenno-usurum
677 342 920 393 avuncunlum.
949 341 1021 394 caP.
1040 342 1102 395 xll.
1275 342 1315 405 73

91 499 130 564 ib
182 491 385 556 consolatus
412 497 465 556 est
495 514 601 576 super
623 492 753 574 Maria,
784 491 920 558 dicens:
957 493 1118 573 Peccavi,
1151 493 1315 575 quoniam

91 593 348 676 suspicionem
364 592 518 677 aliquam
534 594 642 658 habui
659 596 695 659 in
712 601 757 659 te.

596 813 718 881 Onnum
741 811 829 880 XII.

200 985 372 1050 ¹Factum
389 993 444 1053 est
459 994 576 1052 autem
592 988 775 1070 posthaec
798 994 833 1053 et
854 989 939 1052 exiit
957 1009 1076 1053 rumor
1092 988 1185 1071 quod
1200 989 1317 1054 Maria

115 1093 209 1156 esset
231 1088 382 1172 gravida.
426 1090 475 1154 Et
500 1090 772 1174 comprehensus
797 1113 819 1156 a
845 1091 1015 1156 ministris
1039 1091 1162 1174 templi
1185 1090 1315 1175 Ioseph

121 1191 238 1256 ductus
255 1196 309 1257 est
324 1191 369 1256 ad
384 1193 598 1275 pontificem,
616 1194 677 1276 qui
694 1214 765 1258 una
780 1215 857 1258 cum
874 1193 1117 1259 sacerdotibus
1129 1195 1245 1277 coepit
1261 1215 1316 1258 ex·

125 1295 276 1378 probrare
293 1297 326 1361 ei
344 1296 527 1362 abdicere:
559 1297 609 1362 Ut
625 1297 710 1380 quid
727 1297 910 1364 fraudatus
928 1320 964 1363 es
982 1299 1123 1381 nuptias
1139 1304 1258 1362 tantae
1275 1318 1316 1363 ac

130 1396 199 1461 talis
212 1399 362 1482 virginis,
387 1421 489 1484 quam
507 1401 625 1484 angeli
642 1400 699 1465 dei
720 1403 812 1466 sicut
828 1402 1023 1467 columbam
1043 1402 1080 1465 in
1101 1400 1231 1484 templo
1255 1423 1316 1464 nu·

133 1500 270 1584 triemnt,
289 1524 378 1585 quae
394 1504 505 1568 virum
522 1525 710 1588 numquam
728 1525 791 1569 nec
807 1505 925 1570 videre
935 1505 1055 1586 voluit,
1075 1525 1163 1587 quae
1183 1504 1219 1568 in
1237 1504 1314 1587 lege

137 1600 181 1666 dei
194 1605 420 1671 eruditionem
441 1608 607 1689 optimam
623 1605 769 1671 habuit?
799 1606 853 1671 Tu
875 1613 992 1672 autem
1014 1607 1044 1672 si
1066 1607 1098 1671 ei
1114 1606 1316 1671 violentiam

138 1723 192 1769 non
204 1707 354 1790 fecisses,
372 1708 436 1774 illa
451 1708 555 1774 hodie
572 1709 668 1792 virgo
686 1715 955 1792 perseverasset.
980 1708 1111 1791 Ioseph
1127 1714 1242 1775 autem
1260 1708 1317 1773 de·

91 1800 93 1827 ¹
139 1808 252 1875 rotabat
266 1831 302 1875 se
320 1810 440 1877 iurans
453 1810 546 1894 quod
557 1832 746 1893 numquam
757 1812 934 1894 tetigisset
950 1832 1035 1876 eam.
1061 1810 1128 1876 cui
1141 1809 1317 1876 Abiathar

140 1911 268 1988 pontifex
294 1913 396 1978 dixit:
430 1913 528 1981 Vivit
552 1914 639 1980 deus
666 1914 831 1997 quoniam
856 1913 958 1979 modo
983 1919 1018 1979 te
1043 1912 1169 1979 faciam
1193 1920 1315 1997 potare

142 2029 238 2093 aquam
252 2017 444 2101 potationis
462 2017 605 2100 domini,
623 2023 659 2082 et
674 2017 792 2082 statim
808 2016 994 2099 apparebit
1008 2023 1191 2099 peccatum
1206 2023 1315 2081 tuum.

206 2117 320 2185 'Tunc
336 2126 549 2203 congregata
568 2127 623 2185 est
639 2120 751 2186 omnis
767 2119 957 2186 multitudo
970 2119 1093 2200 Israel,
1111 2141 1200 2203 quae
1217 2119 1317 2184 dinu-

143 2223 241 2286 nerari
259 2245 329 2289 non
346 2228 495 2306 poterat,
519 2229 554 2288 et
575 2224 728 2289 adducta
750 2229 804 2288 est
825 2224 931 2288 otiam
946 2222 1062 2288 Maria
1084 2222 1127 2288 ad
1148 2224 1316 2315 templum

143 2312 256 2390 domini.
301 2323 511 2392 Sacerdotes
531 2347 610 2391 vero
638 2333 673 2392 et
693 2325 817 2391 affines
843 2346 883 2415 ao
904 2331 1069 2408 parentes
1094 2326 1169 2392 eius
1192 2326 1316 2392 flentes

91 2502 93 2519 Ι
144 2418 277 2493 dicebant
296 2428 341 2493 ad
357 2427 520 2493 Mariam:
554 2428 729 2495 Confitere
748 2429 991 2495 sacerdotibus
1007 2436 1190 2512 peccatum
1207 2436 1315 2510 tuum,

91 2522 94 2625 Ι
145 2541 210 2604 quae
225 2551 296 2596 eras
314 2531 407 2595 sicut
421 2531 582 2597 columba
598 2534 633 2596 in
651 2531 780 2615 templo
799 2531 855 2597 dei
873 2538 909 2596 et
924 2531 1123 2615 accipiebas
1138 2533 1255 2597 cibum
1272 2531 1314 2596 de

91 2680 93 2689 ¹
144 2679 328 2698 *-

91 2804 93 2813 ι
142 2763 164 2822 (¹
172 2771 214 2834 ou)
224 2781 251 2824 ut
262 2788 332 2835 m3
347 2786 383 2825 on
394 2775 515 2824 aarum
526 2790 597 2824 aarum
610 2771 615 2840 Ι
628 2788 706 2836 saper
717 2775 809 2824 Mar-ia
821 2775 849 2838 (n
863 2775 951 2839 ·ιάαι).·
963 2789 981 2825 1³
994 2776 1109 2825 Mariana
1123 2772 1126 2841 Ι
1141 2789 1160 2826 1>
1173 2773 1319 2824 molatae

91 2884 94 2919 ι
143 2863 183 2913 ⁸¹P·
193 2858 241 2910 Hc.
253 2864 293 2912 aa
306 2859 310 2928 Ι
324 2877 399 2926 qnon.
414 2860 443 2922 (Δ
457 2861 528 2924 qnia)
540 2875 611 2923 aurp.
625 2859 690 2923 aliq.
705 2859 734 2921 (n
746 2860 799 2909 edd
818 2865 847 2910 ut
857 2861 975 2925 nequam)
988 2886 997 2897 ·
1010 2862 1037 2910 in
1050 2861 1092 2923 (ut
1104 2873 1153 2920 01³3
1172 2872 1210 2909 un
1223 2859 1265 2923 de)
1279 2863 1318 2906 te:

91 2944 93 2953 '
144 2943 309 3004 ¹⁰⁸⁸picionem
320 2963 427 3010 nequam
438 2946 532 2995 babens
543 2946 575 2994 de
587 2949 612 2994 te

193 3026 244 3090 111,
263 3034 287 3081 1.
315 3032 422 3081 Factum
434 3058 443 3068 ·
457 3036 483 3079 et
495 3030 522 3094 (u
535 3029 590 3093 orn)
603 3031 666 3079 exiit
677 3046 765 3080 rumor
776 3036 808 3080 ut
819 3043 871 3091 ους
890 3044 907 3081 n
920 3032 1027 3080 Furtum
1039 3036 1077 3081 ert
1089 3035 1172 3079 antem
1184 3035 1212 3079 nt
1223 3031 1265 3077 hie
1276 3046 1318 3095 ru·

144 3118 184 3154 '¹⁰'
196 3117 281 3174 πίνεις
301 3130 337 3166 un
350 3118 413 3167 Post
424 3119 487 3165 boec
495 3118 590 3181 factus
601 3121 640 3166 ert
650 3127 737 3167 rumor
748 3115 869 3182 mappas!
884 3119 925 3167 Et
936 3133 1029 3181 compr.
1043 3143 1053 3155 ·
1065 3117 1154 3179 tempti
1166 3116 1197 3178 (1)
1210 3115 1264 3166 ndd
1276 3117 1319 3164 do·

144 3191 197 3258 ¹⁸⁵⁸)
207 3206 244 3252 etc
255 3206 287 3252 ut
299 3213 351 3261 ους
371 3204 436 3252 item
450 3215 495 3260 ΑΒ,
509 3203 556 3252 sed
569 3208 632 3266 post
643 3204 713 3252 duct.
728 3208 767 3252 eat
778 3203 832 3252 add
844 3220 898 3251 cnm
910 3203 1010 3261 Maria,
1030 3210 1058 3253 et
1071 3217 1087 3251 u
1099 3203 1259 3266 maynatibne
1271 3217 1319 3265 pro

144 3276 226 3335 wer
243 3293 271 3338 et
288 3293 352 3352 post
365 3293 439 3349 pont.
460 3288 514 3337 edd
526 3288 672 3345 Abies-bam
690 3288 759 3337 nur
771 3289 941 3350 conprehensa
959 3305 976 3336 α
991 3290 1050 3337 min.
1071 3294 1104 3337 te.
1121 3293 1146 3337 et
1162 3289 1248 3350 ioseph
1260 3301 1319 3349 per-

144 3358 195 3415 dteb'
203 3378 254 3422 rnnt
265 3374 301 3423 ud
309 3379 383 3436 pont.
399 3371 402 3437 Ι
416 3373 603 3422 ιααινᾱοίὲὺκαε
616 3385 633 3420 n
647 3373 701 3422 add
714 3377 739 3422 et
749 3374 910 3436 magnatibus
922 3374 1010 3436 templi
1023 3371 1027 3439 Ι
1041 3378 1067 3422 et
1077 3374 1176 3423 dmere:
1188 3386 1205 3421 κ
1214 3373 1301 3421 (ἰᾶσθαι
1314 3368 1319 3435 Ι

139 3445 210 3506 Μ.
221 3475 258 3507 er:
277 3472 294 3508 s
305 3460 454 3524 fraudator
466 3456 606 3522 exntitr'ctil
620 3461 726 3521 nuptiae
738 3484 747 3495 ·
759 3460 868 3522 cirpinis
880 3464 911 3509 ut
923 3472 975 3519 ους
993 3473 1028 3508 ΑΒ
1041 3460 1117 3508 istam
1129 3459 1206 3508 talem
1223 3462 1248 3507 et
1264 3463 1319 3505 tan·

145 3532 182 3582 Μ
194 3542 314 3607 oirpinern,
327 3557 344 3593 n
357 3549 445 3593 tantae
462 3549 487 3593 et
504 3545 554 3593 tali
565 3545 660 3607 otrpini
674 3541 678 3609 Ι
693 3561 766 3608 quam
779 3544 809 3606 (n
822 3545 875 3594 add
888 3545 924 3607 et)
938 3570 946 3581 ·
960 3544 1052 3606 tempto
1065 3544 1095 3607 (n
1114 3544 1167 3593 edd
1177 3544 1285 3602 domini,
1305 3555 1320 3592 o

144 3615 183 3682 ιθ’)
194 3634 253 3679 nur.
273 3634 305 3680 nt
317 3642 406 3689 asom
425 3644 442 3679 n
455 3646 529 3694 quam
547 3630 653 3694 anqelus
669 3632 766 3679 nomeu
777 3656 786 3667 ·
799 3631 930 3680 nutriebat
943 3628 946 3695 Ι
961 3631 1010 3679 nir.
1028 3646 1111 3694 namq.
1126 3627 1154 3691 (n
1167 3646 1243 3694 nunq.
1258 3629 1320 3693 vir.)

146 3716 178 3752 ”⁰
186 3708 219 3771 (nt
229 3727 275 3775 0123
288 3717 340 3766 rell
354 3715 408 3779 om)
420 3716 472 3764 oid.
484 3715 534 3764 nol.
549 3714 577 3777 (Δ
587 3716 637 3765 ool.
649 3717 701 3764 rid.
712 3715 868 3779 nectabere)
883 3716 887 3780 Ι
903 3728 939 3765 un
948 3730 990 3763 om
1001 3720 1085 3764 ααίεηι
1099 3712 1103 3780 Ι
1117 3728 1134 3764 r
1146 3717 1197 3764 nisi
1208 3716 1252 3764 illi
1262 3716 1320 3766 vicl.

91 3786 93 3823 ⁵
146 3787 209 3848 raa,
221 3795 225 3864 Ι
236 3801 285 3849 illa
301 3827 309 3837 ·
327 3800 556 3863 perseverassem
569 3801 663 3864 roret)
675 3806 707 3849 nt
720 3812 771 3856 023
790 3814 846 3850 ann
862 3802 945 3849 adbuc
963 3802 990 3849 in
1001 3802 1152 3865 virpn’nitate
1163 3817 1211 3850 naa
1223 3800 1252 3863 (n
1266 3800 1319 3862 om)

145 3886 294 3937 munem
306 3886 337 3949 (s
345 3885 519 3948 permaneret)
534 3883 538 3950 Ι
552 3886 605 3935 Ion.
620 3891 703 3934 antem
714 3887 771 3936 deo.
787 3902 814 3935 ne
831 3887 882 3935 iar.
898 3885 927 3948 (Δ
940 3887 1030 3936 iurene
1041 3888 1153 3945 ἀιαοαὶέ,
1171 3899 1188 3934 Β
1201 3888 1268 3948 cepit
1279 3888 1321 3935 de·

148 3962 338 4036 ammiror)
351 3977 383 4021 nt
396 3984 483 4030 cmm
496 3984 513 4020 n
526 3973 587 4035 qaia
598 3971 735 4020 descendat
745 3987 773 4020 se
784 3971 875 4020 terune
887 3969 892 4037 Ι
907 3973 973 4036 quod
984 3988 1068 4036 namq.
1083 3972 1131 4035 (an
1143 3970 1198 4020 edd
1205 3970 1320 4034 penitae)

149 4047 181 4097 iti·
189 4068 233 4104 εαιιι
241 4063 272 4108 ut
281 4070 371 4116 cnm
384 4057 477 4120 nqnod
486 4073 568 4120 namq.
578 4058 743 4118 componitur
751 4057 792 4105 vir
802 4058 874 4120 tetip.
890 4053 894 4120 Ι
908 4070 926 4105 n
936 4057 1053 4114 Inachon,
1065 4071 1084 4105 n
1094 4057 1210 4106 Abiacar
1224 4053 1227 4121 Ι
1241 4057 1322 4105 dixit.-

150 4141 297 4202 ”repondit
310 4142 315 4208 Ι
328 4145 405 4192 dean.-
422 4143 565 4192 ndominnn
578 4143 582 4207 Ι
597 4144 727 4207 quonium:
745 4155 763 4191 A
777 4143 846 4206 quia,
859 4155 876 4191 n
889 4143 967 4206 quod,
985 4154 1002 4189 n
1015 4145 1040 4191 et
1051 4157 1097 4205 epo
1111 4140 1115 4206 Ι
1129 4145 1155 4189 et
1165 4143 1267 4190 statim.-
1286 4153 1321 4190 aa

150 4220 262 4290 Qec,
273 4244 289 4279 u
302 4234 328 4279 et
338 4246 396 4278 mox

201 4311 222 4360 2·
237 4317 311 4365 monis
323 4315 352 4377 (u
363 4315 416 4378 om)
428 4314 501 4364 matt.
513 4314 566 4364 Iar.
581 4314 611 4376 (Δ
620 4314 720 4377 populi,
734 4313 816 4375 nom)
830 4339 839 4350 ·
852 4317 877 4361 et
889 4312 936 4374 (on
947 4310 1003 4373 om)
1016 4312 1076 4361 add.
1089 4316 1128 4360 est
1139 4312 1216 4360 etiarn
1228 4311 1257 4374 ΙΔ
1267 4312 1321 4376 om)

153 4387 243 4447 'hini
253 4399 280 4463 (Δ
292 4401 347 4463 οιιι)
359 4407 391 4449 ut
404 4413 492 4459 annm
506 4414 524 4449 s
536 4401 646 4449 rnartrna
654 4416 721 4462 pars
733 4401 846 4449 virorum
857 4401 883 4447 in
896 4397 988 4460 templo
1000 4398 1095 4447 domini
1106 4402 1132 4446 et
1142 4397 1281 4455 mulierum,
1294 4403 1323 4447 ut

153 4468 282 4534 &indicium
298 4488 352 4536 eius
364 4488 542 4550 prospicerent
556 4482 560 4550 Ι
575 4487 636 4536 Sao.
650 4503 709 4536 vero
727 4511 736 4522 ·
755 4487 790 4534 ad
802 4481 917 4533 Marium
936 4483 963 4547 (0
976 4484 1011 4532 ud
1022 4480 1087 4546 eam)
1105 4486 1137 4532 nt
1150 4494 1236 4543 suem
1255 4496 1272 4532 n
1287 4484 1323 4532 Et
