<?xml version="1.0" encoding="UTF-8"?>
<!DOCTYPE html PUBLIC "-//W3C//DTD XHTML 1.0 Transitional//EN"
    "http://www.w3.org/TR/xhtml1/DTD/xhtml1-transitional.dtd">
<html xmlns="http://www.w3.org/1999/xhtml" xml:lang="en" lang="en">
 <head>
  <title>
</title>
<meta http-equiv="Content-Type" content="text/html;charset=utf-8" />
  <meta name='ocr-system' content='tesseract 3.04.00' />
  <meta name='ocr-capabilities' content='ocr_page ocr_carea ocr_par ocr_line ocrx_word'/>
</head>
<body>
  <div class='ocr_page' id='page_1' title='image "./evangeliaapocry01tiscgoog_0314.png"; bbox 0 0 2880 5062; ppageno 0'>
   <div class='ocr_carea' id='block_1_1' title="bbox 363 361 1336 424">
    <p class='ocr_par' dir='ltr' id='par_1_1' title="bbox 363 361 1336 424">
     <span class='ocr_line' id='line_1_1' title="bbox 363 361 1336 424; baseline -0.001 -9"><span class='ocrx_word' id='word_1_1' title='bbox 363 364 596 415; x_wconf 67' lang='lat' dir='ltr'>svaudunum</span> <span class='ocrx_word' id='word_1_2' title='bbox 614 363 807 415; x_wconf 72' lang='lat' dir='ltr'>quauuuu</span> <span class='ocrx_word' id='word_1_3' title='bbox 824 361 1019 417; x_wconf 75' lang='lat' dir='ltr'>ABABICUM.</span> <span class='ocrx_word' id='word_1_4' title='bbox 1047 362 1103 415; x_wconf 75' lang='lat' dir='ltr'>hv,</span> <span class='ocrx_word' id='word_1_5' title='bbox 1272 361 1336 424; x_wconf 80' lang='lat'>209</span> 
     </span>
    </p>
   </div>
   <div class='ocr_carea' id='block_1_2' title="bbox 109 512 1337 806">
    <p class='ocr_par' dir='ltr' id='par_1_2' title="bbox 109 512 1337 806">
     <span class='ocr_line' id='line_1_2' title="bbox 109 512 1337 608; baseline 0.002 -32"><span class='ocrx_word' id='word_1_6' title='bbox 109 514 272 594; x_wconf 80' lang='lat' dir='ltr'>quando</span> <span class='ocrx_word' id='word_1_7' title='bbox 286 520 386 598; x_wconf 84' lang='lat' dir='ltr'>pater</span> <span class='ocrx_word' id='word_1_8' title='bbox 400 512 542 598; x_wconf 89' lang='lat' dir='ltr'>publice</span> <span class='ocrx_word' id='word_1_9' title='bbox 560 535 638 579; x_wconf 93' lang='lat' dir='ltr'>eum</span> <span class='ocrx_word' id='word_1_10' title='bbox 654 514 699 579; x_wconf 83' lang='lat' dir='ltr'>ad</span> <span class='ocrx_word' id='word_1_11' title='bbox 709 513 896 580; x_wconf 83' lang='lat' dir='ltr'><strong>Iordanem</strong></span> <span class='ocrx_word' id='word_1_12' title='bbox 907 513 1097 579; x_wconf 83' lang='lat' dir='ltr'>declaravit</span> <span class='ocrx_word' id='word_1_13' title='bbox 1108 512 1178 608; x_wconf 35' lang='lat' dir='ltr'>,hac</span> <span class='ocrx_word' id='word_1_14' title='bbox 1189 513 1337 579; x_wconf 87' lang='lat' dir='ltr'>caelitus</span> 
     </span>
     <span class='ocr_line' id='line_1_3' title="bbox 113 617 1336 700; baseline 0.004 -22"><span class='ocrx_word' id='word_1_15' title='bbox 113 632 210 683; x_wconf 74' lang='lat' dir='ltr'>voce</span> <span class='ocrx_word' id='word_1_16' title='bbox 229 618 396 684; x_wconf 84' lang='lat' dir='ltr'>demisse:</span> <span class='ocrx_word' id='word_1_17' title='bbox 428 617 499 683; x_wconf 91' lang='lat' dir='ltr'>Hic</span> <span class='ocrx_word' id='word_1_18' title='bbox 518 624 571 684; x_wconf 91' lang='lat' dir='ltr'>est</span> <span class='ocrx_word' id='word_1_19' title='bbox 587 618 680 683; x_wconf 86' lang='lat' dir='ltr'>filius</span> <span class='ocrx_word' id='word_1_20' title='bbox 697 639 794 684; x_wconf 89' lang='lat' dir='ltr'>meus</span> <span class='ocrx_word' id='word_1_21' title='bbox 814 618 975 699; x_wconf 88' lang='lat' dir='ltr'>dilectus,</span> <span class='ocrx_word' id='word_1_22' title='bbox 993 617 1030 682; x_wconf 88' lang='lat' dir='ltr'>in</span> <span class='ocrx_word' id='word_1_23' title='bbox 1049 629 1117 700; x_wconf 88' lang='lat' dir='ltr'>quo</span> <span class='ocrx_word' id='word_1_24' title='bbox 1133 617 1336 699; x_wconf 89' lang='lat' dir='ltr'>acquiesco;</span> 
     </span>
     <span class='ocr_line' id='line_1_4' title="bbox 115 719 1178 806; baseline -0.002 -20"><span class='ocrx_word' id='word_1_25' title='bbox 115 727 318 801; x_wconf 81' lang='lat' dir='ltr'>praesente</span> <span class='ocrx_word' id='word_1_26' title='bbox 335 723 462 806; x_wconf 93' lang='lat' dir='ltr'>spiritu</span> <span class='ocrx_word' id='word_1_27' title='bbox 480 729 599 788; x_wconf 85' lang='lat' dir='ltr'>sancto</span> <span class='ocrx_word' id='word_1_28' title='bbox 617 722 653 787; x_wconf 92' lang='lat' dir='ltr'>in</span> <span class='ocrx_word' id='word_1_29' title='bbox 670 721 781 788; x_wconf 82' lang='lat' dir='ltr'>forma</span> <span class='ocrx_word' id='word_1_30' title='bbox 797 720 979 788; x_wconf 82' lang='lat' dir='ltr'>columbae</span> <span class='ocrx_word' id='word_1_31' title='bbox 997 719 1178 785; x_wconf 84' lang='lat' dir='ltr'>candidae.</span> 
     </span>
    </p>
   </div>
   <div class='ocr_carea' id='block_1_3' title="bbox 624 960 841 1029">
    <p class='ocr_par' dir='ltr' id='par_1_3' title="bbox 624 960 841 1029">
     <span class='ocr_line' id='line_1_5' title="bbox 624 960 841 1029; baseline 0 -3"><span class='ocrx_word' id='word_1_32' title='bbox 624 960 745 1027; x_wconf 77' lang='lat' dir='ltr'>anuu</span> <span class='ocrx_word' id='word_1_33' title='bbox 768 961 841 1029; x_wconf 90' lang='lat' dir='ltr'>LV.</span> 
     </span>
    </p>
   </div>
   <div class='ocr_carea' id='block_1_4' title="bbox 136 1132 1341 2131">
    <p class='ocr_par' dir='ltr' id='par_1_4' title="bbox 136 1132 1341 1841">
     <span class='ocr_line' id='line_1_6' title="bbox 218 1132 1335 1217; baseline -0.002 -18"><span class='ocrx_word' id='word_1_34' title='bbox 218 1133 289 1199; x_wconf 91' lang='lat' dir='ltr'>Hic</span> <span class='ocrx_word' id='word_1_35' title='bbox 310 1140 364 1199; x_wconf 91' lang='lat' dir='ltr'>est</span> <span class='ocrx_word' id='word_1_36' title='bbox 384 1154 486 1217; x_wconf 90' lang='lat' dir='ltr'>quem</span> <span class='ocrx_word' id='word_1_37' title='bbox 509 1133 686 1217; x_wconf 88' lang='lat' dir='ltr'>supplices</span> <span class='ocrx_word' id='word_1_38' title='bbox 712 1132 912 1215; x_wconf 81' lang='lat' dir='ltr'>adoramus,</span> <span class='ocrx_word' id='word_1_39' title='bbox 939 1132 999 1216; x_wconf 91' lang='lat' dir='ltr'>qui</span> <span class='ocrx_word' id='word_1_40' title='bbox 1021 1135 1210 1199; x_wconf 82' lang='lat' dir='ltr'><strong>essentiam</strong></span> <span class='ocrx_word' id='word_1_41' title='bbox 1233 1133 1335 1199; x_wconf 88' lang='lat' dir='ltr'>nobis</span> 
     </span>
     <span class='ocr_line' id='line_1_7' title="bbox 136 1236 1341 1319; baseline 0.006 -21"><span class='ocrx_word' id='word_1_42' title='bbox 136 1239 174 1299; x_wconf 86' lang='lat' dir='ltr'>et</span> <span class='ocrx_word' id='word_1_43' title='bbox 185 1238 288 1305; x_wconf 77' lang='lat' dir='ltr'>vitam</span> <span class='ocrx_word' id='word_1_44' title='bbox 304 1237 402 1304; x_wconf 80' lang='lat' dir='ltr'>dedit</span> <span class='ocrx_word' id='word_1_45' title='bbox 419 1246 453 1303; x_wconf 88' lang='lat' dir='ltr'>et</span> <span class='ocrx_word' id='word_1_46' title='bbox 473 1259 514 1303; x_wconf 88' lang='lat' dir='ltr'>ex</span> <span class='ocrx_word' id='word_1_47' title='bbox 529 1239 639 1304; x_wconf 89' lang='lat' dir='ltr'>uteris</span> <span class='ocrx_word' id='word_1_48' title='bbox 656 1244 804 1303; x_wconf 87' lang='lat' dir='ltr'>matrum</span> <span class='ocrx_word' id='word_1_49' title='bbox 821 1243 1018 1302; x_wconf 87' lang='lat' dir='ltr'>uestrarum</span> <span class='ocrx_word' id='word_1_50' title='bbox 1037 1257 1100 1302; x_wconf 87' lang='lat' dir='ltr'>nos</span> <span class='ocrx_word' id='word_1_51' title='bbox 1118 1236 1252 1317; x_wconf 86' lang='lat' dir='ltr'>eduxit,</span> <span class='ocrx_word' id='word_1_52' title='bbox 1275 1237 1341 1319; x_wconf 84' lang='lat' dir='ltr'>qui</span> 
     </span>
     <span class='ocr_line' id='line_1_8' title="bbox 140 1339 1337 1426; baseline 0.003 -24"><span class='ocrx_word' id='word_1_53' title='bbox 140 1355 261 1425; x_wconf 84' lang='lat' dir='ltr'>cerpus</span> <span class='ocrx_word' id='word_1_54' title='bbox 284 1343 473 1408; x_wconf 89' lang='lat' dir='ltr'>humanum</span> <span class='ocrx_word' id='word_1_55' title='bbox 498 1350 640 1426; x_wconf 88' lang='lat' dir='ltr'>propter</span> <span class='ocrx_word' id='word_1_56' title='bbox 664 1363 728 1407; x_wconf 89' lang='lat' dir='ltr'>nos</span> <span class='ocrx_word' id='word_1_57' title='bbox 754 1341 919 1407; x_wconf 78' lang='lat' dir='ltr'>assumsit</span> <span class='ocrx_word' id='word_1_58' title='bbox 943 1361 1078 1423; x_wconf 88' lang='lat' dir='ltr'>nosque</span> <span class='ocrx_word' id='word_1_59' title='bbox 1106 1339 1268 1421; x_wconf 86' lang='lat' dir='ltr'>redemit,</span> <span class='ocrx_word' id='word_1_60' title='bbox 1299 1346 1337 1405; x_wconf 93' lang='lat' dir='ltr'>ut</span> 
     </span>
     <span class='ocr_line' id='line_1_9' title="bbox 146 1444 1336 1527; baseline 0.003 -22"><span class='ocrx_word' id='word_1_61' title='bbox 146 1445 427 1527; x_wconf 72' lang='lat' dir='ltr'>complecteretur</span> <span class='ocrx_word' id='word_1_62' title='bbox 442 1467 504 1510; x_wconf 89' lang='lat' dir='ltr'>nos</span> <span class='ocrx_word' id='word_1_63' title='bbox 522 1450 665 1510; x_wconf 85' lang='lat' dir='ltr'>aeterna</span> <span class='ocrx_word' id='word_1_64' title='bbox 681 1445 931 1526; x_wconf 86' lang='lat' dir='ltr'>misericordia,</span> <span class='ocrx_word' id='word_1_65' title='bbox 950 1453 984 1510; x_wconf 94' lang='lat' dir='ltr'>et</span> <span class='ocrx_word' id='word_1_66' title='bbox 1001 1444 1222 1509; x_wconf 89' lang='lat' dir='ltr'>clementiam</span> <span class='ocrx_word' id='word_1_67' title='bbox 1239 1464 1336 1508; x_wconf 91' lang='lat' dir='ltr'>suam</span> 
     </span>
     <span class='ocr_line' id='line_1_10' title="bbox 151 1545 1337 1631; baseline 0.003 -24"><span class='ocrx_word' id='word_1_68' title='bbox 151 1563 188 1608; x_wconf 85' lang='lat' dir='ltr'>ex</span> <span class='ocrx_word' id='word_1_69' title='bbox 198 1545 403 1614; x_wconf 85' lang='lat' dir='ltr'>liberalitate</span> <span class='ocrx_word' id='word_1_70' title='bbox 425 1555 460 1615; x_wconf 89' lang='lat' dir='ltr'>et</span> <span class='ocrx_word' id='word_1_71' title='bbox 475 1548 710 1615; x_wconf 85' lang='lat' dir='ltr'>beneficentia</span> <span class='ocrx_word' id='word_1_72' title='bbox 732 1554 767 1613; x_wconf 89' lang='lat' dir='ltr'>et</span> <span class='ocrx_word' id='word_1_73' title='bbox 783 1548 1018 1631; x_wconf 85' lang='lat' dir='ltr'>generositate</span> <span class='ocrx_word' id='word_1_74' title='bbox 1042 1553 1077 1613; x_wconf 91' lang='lat' dir='ltr'>et</span> <span class='ocrx_word' id='word_1_75' title='bbox 1092 1546 1337 1613; x_wconf 82' lang='lat' dir='ltr'>benevolentia</span> 
     </span>
     <span class='ocr_line' id='line_1_11' title="bbox 154 1646 1337 1735; baseline 0.003 -25"><span class='ocrx_word' id='word_1_76' title='bbox 154 1646 239 1714; x_wconf 83' lang='lat' dir='ltr'>uubis</span> <span class='ocrx_word' id='word_1_77' title='bbox 253 1650 443 1716; x_wconf 87' lang='lat' dir='ltr'>exhiberet.</span> <span class='ocrx_word' id='word_1_78' title='bbox 480 1649 557 1734; x_wconf 87' lang='lat' dir='ltr'>Ipsi</span> <span class='ocrx_word' id='word_1_79' title='bbox 574 1657 628 1715; x_wconf 90' lang='lat' dir='ltr'>est</span> <span class='ocrx_word' id='word_1_80' title='bbox 643 1651 756 1735; x_wconf 82' lang='lat' dir='ltr'>gloria</span> <span class='ocrx_word' id='word_1_81' title='bbox 772 1657 808 1716; x_wconf 92' lang='lat' dir='ltr'>et</span> <span class='ocrx_word' id='word_1_82' title='bbox 826 1650 1059 1717; x_wconf 87' lang='lat' dir='ltr'>beneficentia</span> <span class='ocrx_word' id='word_1_83' title='bbox 1076 1656 1112 1716; x_wconf 91' lang='lat' dir='ltr'>et</span> <span class='ocrx_word' id='word_1_84' title='bbox 1127 1650 1285 1734; x_wconf 87' lang='lat' dir='ltr'>potentia</span> <span class='ocrx_word' id='word_1_85' title='bbox 1302 1655 1337 1714; x_wconf 91' lang='lat' dir='ltr'>et</span> 
     </span>
     <span class='ocr_line' id='line_1_12' title="bbox 157 1746 1235 1841; baseline 0.006 -27"><span class='ocrx_word' id='word_1_86' title='bbox 157 1746 316 1835; x_wconf 87' lang='lat' dir='ltr'>imperium</span> <span class='ocrx_word' id='word_1_87' title='bbox 332 1754 374 1820; x_wconf 82' lang='lat' dir='ltr'>ab</span> <span class='ocrx_word' id='word_1_88' title='bbox 392 1754 457 1821; x_wconf 88' lang='lat' dir='ltr'>hoc</span> <span class='ocrx_word' id='word_1_89' title='bbox 473 1761 626 1841; x_wconf 89' lang='lat' dir='ltr'>tempore</span> <span class='ocrx_word' id='word_1_90' title='bbox 644 1758 680 1822; x_wconf 91' lang='lat' dir='ltr'>in</span> <span class='ocrx_word' id='word_1_91' title='bbox 698 1757 911 1840; x_wconf 86' lang='lat' dir='ltr'>sempiterna.</span> <span class='ocrx_word' id='word_1_92' title='bbox 927 1756 1079 1820; x_wconf 89' lang='lat' dir='ltr'>saecula.</span> <span class='ocrx_word' id='word_1_93' title='bbox 1110 1753 1235 1821; x_wconf 85' lang='lat' dir='ltr'>Amen.</span> 
     </span>
    </p>

    <p class='ocr_par' dir='ltr' id='par_1_5' title="bbox 263 1857 1334 2131">
     <span class='ocr_line' id='line_1_13' title="bbox 263 1857 1334 1943; baseline -0.001 -21"><span class='ocrx_word' id='word_1_94' title='bbox 263 1858 453 1943; x_wconf 83' lang='lat' dir='ltr'>Explicit</span> <span class='ocrx_word' id='word_1_95' title='bbox 472 1879 746 1926; x_wconf 77' lang='lat' dir='ltr'>uvaxsuurum</span> <span class='ocrx_word' id='word_1_96' title='bbox 768 1879 998 1924; x_wconf 70' lang='lat' dir='ltr'>iussurum</span> <span class='ocrx_word' id='word_1_97' title='bbox 1021 1865 1152 1925; x_wconf 90' lang='lat' dir='ltr'>totum</span> <span class='ocrx_word' id='word_1_98' title='bbox 1173 1857 1334 1923; x_wconf 89' lang='lat' dir='ltr'>auxilio</span> 
     </span>
     <span class='ocr_line' id='line_1_14' title="bbox 265 1961 1334 2047; baseline 0 -21"><span class='ocrx_word' id='word_1_99' title='bbox 265 1961 329 2027; x_wconf 91' lang='lat' dir='ltr'>dei</span> <span class='ocrx_word' id='word_1_100' title='bbox 358 1963 555 2046; x_wconf 84' lang='lat' dir='ltr'>supremi,</span> <span class='ocrx_word' id='word_1_101' title='bbox 583 1963 812 2029; x_wconf 84' lang='lat' dir='ltr'>secundum</span> <span class='ocrx_word' id='word_1_102' title='bbox 840 1982 1010 2047; x_wconf 83' lang='lat' dir='ltr'>eaquae</span> <span class='ocrx_word' id='word_1_103' title='bbox 1037 1963 1076 2027; x_wconf 91' lang='lat' dir='ltr'>in</span> <span class='ocrx_word' id='word_1_104' title='bbox 1105 1961 1334 2045; x_wconf 81' lang='lat' dir='ltr'>archetypo</span> 
     </span>
     <span class='ocr_line' id='line_1_15' title="bbox 265 2086 504 2131; baseline 0.013 -3"><span class='ocrx_word' id='word_1_105' title='bbox 265 2086 504 2131; x_wconf 77' lang='lat' dir='ltr'>invenimus.</span> 
     </span>
    </p>
   </div>
   <div class='ocr_carea' id='block_1_5' title="bbox 214 2270 1124 2430">
    <p class='ocr_par' dir='ltr' id='par_1_6' title="bbox 214 2270 1124 2430">
     <span class='ocr_line' id='line_1_16' title="bbox 214 2270 920 2342; baseline 0.003 -19"><span class='ocrx_word' id='word_1_106' title='bbox 214 2270 261 2323; x_wconf 80' lang='lat' dir='ltr'>LV.</span> <span class='ocrx_word' id='word_1_107' title='bbox 278 2279 320 2341; x_wconf 67' lang='lat' dir='ltr'>psi</span> <span class='ocrx_word' id='word_1_108' title='bbox 331 2279 479 2328; x_wconf 58' lang='lat' dir='ltr'>assutae».-</span> <span class='ocrx_word' id='word_1_109' title='bbox 491 2279 531 2328; x_wconf 73' lang='lat' dir='ltr'>itu</span> <span class='ocrx_word' id='word_1_110' title='bbox 543 2278 582 2326; x_wconf 61' lang='lat'>1³1.</span> <span class='ocrx_word' id='word_1_111' title='bbox 595 2293 643 2342; x_wconf 86' lang='lat' dir='ltr'>pro</span> <span class='ocrx_word' id='word_1_112' title='bbox 656 2279 774 2342; x_wconf 65' lang='lat' dir='ltr'>puniam</span> <span class='ocrx_word' id='word_1_113' title='bbox 786 2278 920 2327; x_wconf 68' lang='lat' dir='ltr'>ocentiam</span> 
     </span>
     <span class='ocr_line' id='line_1_17' title="bbox 214 2358 1124 2430; baseline 0.005 -24"><span class='ocrx_word' id='word_1_114' title='bbox 214 2358 263 2423; x_wconf 75' lang='lat' dir='ltr'>Ipsi</span> <span class='ocrx_word' id='word_1_115' title='bbox 272 2366 308 2412; x_wconf 78' lang='lat' dir='ltr'>ert</span> <span class='ocrx_word' id='word_1_116' title='bbox 316 2362 406 2427; x_wconf 73' lang='lat' dir='ltr'>plor-ia</span> <span class='ocrx_word' id='word_1_117' title='bbox 417 2367 442 2413; x_wconf 82' lang='lat' dir='ltr'>et</span> <span class='ocrx_word' id='word_1_118' title='bbox 454 2363 630 2430; x_wconf 73' lang='lat' dir='ltr'>beneficentia:</span> <span class='ocrx_word' id='word_1_119' title='bbox 650 2364 689 2414; x_wconf 72' lang='lat' dir='ltr'>itt</span> <span class='ocrx_word' id='word_1_120' title='bbox 702 2365 740 2413; x_wconf 72' lang='grc' dir='ltr'>ΡΙ.</span> <span class='ocrx_word' id='word_1_121' title='bbox 754 2380 802 2428; x_wconf 85' lang='lat' dir='ltr'>pro</span> <span class='ocrx_word' id='word_1_122' title='bbox 816 2364 872 2426; x_wconf 76' lang='lat' dir='ltr'>Ipsi</span> <span class='ocrx_word' id='word_1_123' title='bbox 884 2365 918 2413; x_wconf 75' lang='lat' dir='ltr'>sit</span> <span class='ocrx_word' id='word_1_124' title='bbox 927 2363 1015 2428; x_wconf 57' lang='lat' dir='ltr'>cloria</span> <span class='ocrx_word' id='word_1_125' title='bbox 1028 2366 1053 2412; x_wconf 72' lang='lat' dir='ltr'>et</span> <span class='ocrx_word' id='word_1_126' title='bbox 1065 2362 1124 2412; x_wconf 72' lang='lat' dir='ltr'>lau</span> 
     </span>
    </p>
   </div>
   <div class='ocr_carea' id='block_1_6' title="bbox 153 4550 676 4651">
    <p class='ocr_par' dir='ltr' id='par_1_7' title="bbox 153 4550 676 4651">
     <span class='ocr_line' id='line_1_18' title="bbox 153 4550 676 4651; baseline 0.008 -7"><span class='ocrx_word' id='word_1_127' title='bbox 153 4550 571 4651; x_wconf 50' lang='lat' dir='ltr'>¹2&#39;&#39;Qu-apocr.summissiora</span> <span class='ocrx_word' id='word_1_128' title='bbox 598 4610 637 4649; x_wconf 77' lang='lat' dir='ltr'>rr.</span> <span class='ocrx_word' id='word_1_129' title='bbox 649 4610 676 4648; x_wconf 87' lang='lat' dir='ltr'>u.</span> 
     </span>
    </p>
   </div>
   <div class='ocr_carea' id='block_1_7' title="bbox 0 0 1444 5062">
    <p class='ocr_par' dir='ltr' id='par_1_8' title="bbox 0 0 1444 5062">
     <span class='ocr_line' id='line_1_19' title="bbox 0 0 1444 5062; baseline 0 0"><span class='ocrx_word' id='word_1_130' title='bbox 0 0 1444 5062; x_wconf 95' lang='lat' dir='ltr'> </span> 
     </span>
    </p>
   </div>
  </div>
 </body>
</html>
