2896 5062
139 111 202 175 180
404 110 636 161 EVANGELIUM
653 109 801 161 'motus
819 111 990 162 LATINUM.
1018 111 1073 160 XV.

138 262 329 346 prophetae
361 259 542 326 testificati
573 266 656 325 sunt
686 281 793 344 opera
823 261 899 327 eius
936 261 973 326 in
1004 260 1168 328 omnibus
1199 260 1336 344 populis

137 365 261 432 Israel.
302 364 350 429 Et
373 364 450 447 ipse
477 369 531 429 est
557 363 617 447 qui
643 363 747 429 debet
773 364 930 430 iudicare
954 363 1122 429 mundum
1147 361 1337 428 secundum

136 469 351 535 voluntatem
367 465 653 549 immortalitatis,
677 466 844 551 quoniam
858 466 935 550 ipse
954 472 1008 531 est
1025 464 1119 531 filius
1137 464 1196 530 dei
1213 466 1249 529 in
1267 466 1337 528 uni·

136 591 236 636 verso
255 569 338 635 orbe
355 575 481 633 terrae.
505 569 627 652 Ipsum
644 568 746 634 decet
762 569 874 634 omnis
892 568 1005 652 gloria
1021 573 1057 633 et
1072 567 1186 633 honor
1202 568 1240 632 in
1256 588 1337 632 sem·
1399 619 1436 633 -

137 674 328 757 piternum‚
351 671 411 753 qui
427 672 511 735 vivit
531 676 567 735 et
587 676 711 755 regnat
731 670 818 736 deus
840 692 904 754 per
925 671 1042 736 omnia
1064 670 1185 736 secula
1209 671 1338 738 seculo·

137 798 224 857 rum,
242 796 353 841 amen.

138 920 352 928 ——-—---

132 986 684 1050 patrimo:itsinoodicssesiptumest.
709 985 796 1035 Verba
809 1000 885 1034 vero:
906 985 1244 1047 Emptam-wiennam
1255 985 1350 1035 volu·
1393 1028 1396 1029 γ

136 1076 215 1120 tatem
232 1070 436 1120 immortalitatis
453 1071 482 1119 in
501 1070 593 1119 codice
611 1070 684 1119 inter
700 1069 775 1118 valde
788 1068 853 1119 tona
872 1074 901 1119 et
918 1073 944 1118 et
961 1070 1102 1119 invisibilia
1114 1072 1251 1121 collocet·
1263 1078 1324 1120 sunt
1362 1092 1448 1140 :h

137 1172 185 1220 per
197 1157 380 1206 coniecturam
393 1156 476 1219 igitur
489 1155 709 1220 transposuimus.

207 1242 257 1291 His
270 1241 396 1291 extremis
409 1241 478 1290 nihil
492 1240 638 1303 respondet
655 1241 683 1290 in
697 1241 789 1290 codice
803 1255 835 1298 1),
852 1243 895 1291 cui
915 1249 977 1305 post
995 1259 1067 1291 ames
1085 1242 1268 1306 subscriptum
1285 1246 1323 1291 est
1333 1252 1385 1297 ³
1396 1274 1438 1309 ,Ε

138 1328 257 1390 Explicit
269 1326 371 1376 libellus
381 1328 413 1376 de
424 1327 558 1376 miraculis
569 1328 681 1391 infancie
692 1328 788 1377 dosnini
798 1327 946 1376 salvatoris.
