2880 5062
119 343 182 408 458
599 341 696 393 uoas
713 342 843 395 ruam.

119 496 207 562 filius
230 495 345 561 mortis
368 485 419 560 est
442 499 476 559 et
497 493 623 579 nefasb
654 498 705 559 est
727 515 803 560 eum
825 493 934 558 vivere
958 497 1219 576 superterram.
1262 487 1317 574 Qui

121 621 196 664 oum
225 620 300 664 eum
321 596 418 682 vidit,
447 597 602 662 continuo
627 617 701 662 eum
725 595 883 662 salutavit
905 598 939 660 et
962 614 1094 660 omnem
1117 592 1224 657 animi
1245 591 1316 655 lero

121 703 257 767 citatem
286 699 418 765 abiecit
461 697 678 764 Mirabantur
706 718 832 778 omnes,
860 695 1044 762 mirabatur
1071 700 1108 760 et
1135 695 1224 777 ipse,
1251 693 1317 777 quia

121 804 169 868 sic
197 807 315 868 contra
337 799 484 864 Pilatum
513 799 591 864 dum
622 799 755 865 abesset
786 798 1028 878 exardesceret,
1060 802 1095 863 et
1125 796 1204 884 dum
1235 816 1315 878 prae·

120 927 195 973 sens
217 911 306 971 esset
327 904 375 970 nil
398 905 428 969 ei
451 904 543 987 loqui
566 908 679 987 posset
700 924 826 988 aspere.
864 903 1014 969 Tandem
1036 901 1149 967 divino
1175 906 1257 965 nutu
1273 899 1314 963 rel

119 1011 205 1077 forte
234 1009 375 1076 ahardus
399 1007 580 1075 Christiani
607 1029 709 1074 suasu
736 1009 846 1091 ipsum
874 1008 932 1073 illa
957 1007 1072 1073 tunica
1095 1005 1259 1088 expoliari
1278 1004 1315 1068 fe

120 1114 179 1194 cit,
209 1117 242 1177 et
264 1118 383 1177 contra
406 1131 481 1176 eum
504 1111 679 1193 pristinam
701 1109 908 1176 ferocitatem
930 1108 1032 1176 animi
1056 1129 1136 1173 mox
1163 1107 1314 1173 resumsit

121 1217 270 1300 Cumque
295 1215 334 1280 de
362 1215 426 1279 hoc
452 1215 632 1297 imperator
660 1215 839 1297 plurimum
861 1213 1098 1293 admiraretur,
1128 1211 1315 1276 dictumest

121 1321 184 1385 sibi
216 1318 306 1403 quod
337 1315 395 1382 illa
426 1319 541 1383 tunica
572 1317 690 1382 fuisset
722 1317 849 1383 domini
876 1316 965 1382 Iesu.
1017 1315 1114 1381 Tunc
1145 1317 1313 1398 imperator

121 1444 196 1488 eum
223 1421 258 1486 in
287 1440 456 1486 carcerem
483 1420 587 1502 recipi
617 1420 728 1504 iussit,
760 1420 864 1486 donec
891 1420 1077 1502 sapientum
1108 1418 1246 1484 oonsilio
1269 1415 1313 1480 de·

119 1525 279 1590 liberaret
303 1523 444 1606 quidde
468 1544 507 1589 eo
534 1523 606 1589 fieri
635 1529 816 1607 oporteret.
860 1525 942 1590 Post
970 1530 1082 1588 autem
1110 1543 1236 1606 paucos
1256 1520 1312 1584 dies

122 1625 201 1690 data
224 1629 275 1689 est
297 1624 400 1708 igitur
422 1626 457 1688 in
472 1624 620 1690 Pilatum
644 1626 811 1690 sententia
833 1632 871 1691 ut
892 1629 998 1690 morte
1021 1624 1221 1707 turpissima
1237 1622 1311 1686 dan·

121 1732 267 1793 naretur.
311 1726 462 1792 Audiens
489 1727 553 1793 hoc
575 1728 707 1793 Pilatus
736 1727 869 1794 cultello
899 1728 1033 1812 proprio
1060 1748 1097 1792 se
1120 1726 1263 1807 necavit,
1286 1729 1312 1787 et

121 1829 182 1895 tali
205 1836 312 1895 morte
335 1830 438 1894 vitam
460 1828 576 1895 finivit.

208 1932 352 2016 Cognita
368 1933 494 2000 Caesar
516 1939 624 1999 morte
638 1933 744 1999 Pilati
762 1933 846 1998 dixit
859 1933 949 2002 Vere
971 1938 1123 1997 mortuus
1148 1936 1201 1996 est
1221 1935 1310 1993 morte

121 2035 327 2117 turpissima,
356 2035 409 2099 cui
437 2056 554 2100 manus
581 2037 717 2119 propria
743 2057 809 2100 non
836 2035 994 2118 pepercit.
1039 2033 1126 2099 Moli
1155 2032 1255 2116 igitur
1271 2031 1310 2093 in-

122 2138 213 2222 genti
245 2137 402 2221 elligatur
433 2143 468 2203 et
497 2139 532 2202 in
563 2138 712 2204 Tiberim
742 2137 878 2204 fluvium
910 2138 1129 2221 immergitur.
1184 2133 1311 2219 Spiritus

122 2265 201 2308 vero
232 2242 369 2326 maligni
400 2249 434 2307 et
448 2304 451 2317 ,
466 2243 590 2308 sordidi
621 2244 752 2327 corpori
782 2244 929 2328 maligno
956 2246 991 2308 et
1019 2240 1154 2308 sordido
1185 2259 1310 2322 congau-

123 2345 238 2410 dentes
261 2364 374 2409 omnes
395 2345 430 2409 in
453 2346 549 2428 aquis
571 2346 802 2427 movebantur,
831 2353 865 2412 et
886 2344 1019 2429 fulgura
1042 2348 1077 2408 et
1099 2346 1312 2426 tempestates,

124 2449 272 2513 tonitrua
303 2453 336 2513 et
367 2447 545 2531 grandines
575 2449 611 2513 in
638 2470 713 2514 aere
745 2449 940 2514 terribiliter
971 2447 1185 2532 gerebantffl,
1215 2446 1261 2509 ita
1282 2448 1312 2506 ut

125 2550 236 2614 cuncti
257 2550 376 2614 timore
398 2549 550 2614 horribili
571 2557 773 2617 tenerentur.
817 2550 1029 2635 Quapropter
1048 2548 1198 2614 Romani
1218 2548 1313 2628 ipsum

124 2673 144 2716 a
166 2651 298 2716 Tiberis
320 2649 419 2716 fluvio
447 2651 672 2733 extrahentes,
701 2653 876 2718 derisionis
905 2673 1005 2717 causa
1031 2652 1143 2734 ipsum
1170 2651 1205 2713 in
1225 2646 1313 2712 Vien-

124 2774 201 2817 nam
233 2751 493 2835 deportaverunt
524 2757 557 2817 et
587 2751 744 2819 Rhodani
775 2752 874 2818 fluvio
905 2755 1159 2818 immerserunt:
1195 2748 1313 2816 Vienna

124 2856 211 2919 enim
235 2855 357 2919 dicitur
378 2856 475 2938 quasi
502 2856 557 2920 via
585 2854 768 2938 gehennae,
797 2857 876 2939 quia
903 2861 976 2920 erat
1001 2862 1081 2919 tunc
1108 2854 1203 2918 locus
1229 2848 1314 2916 male·

125 2956 288 3022 dictionis.
334 2956 401 3023 Sed
411 2957 435 3041 ⁰)
464 2957 512 3021 ibi
535 2978 678 3040 nequam
701 2958 837 3040 spiritus
860 2958 1039 3039 affuerunt,
1066 2955 1192 3020 ibidem
1213 2951 1313 3019 eadem

125 3067 309 3142 operantes.
353 3060 515 3125 Homines
539 3082 617 3143 ergo
640 3060 690 3125 illi
712 3067 840 3127 tantam
862 3062 1109 3127 infestationem
1128 3059 1313 3125 daemonum

124 3162 240 3246 non¹⁰)
271 3163 471 3227 sustinentes
498 3184 555 3226 vas
583 3161 666 3227 illud
694 3163 934 3229 maledictionis
956 3185 976 3229 a
1000 3184 1035 3228 se
1058 3164 1268 3228 removerunt
1287 3163 1314 3220 et

124 3264 208 3329 illud
231 3265 453 3348 sepeliendum
476 3265 642 3331 Losaniae
671 3268 839 3333 territorio
867 3268 1112 3333 commiserunt.
1159 3265 1224 3350 Qui
1251 3282 1314 3327 cum

124 3369 222 3432 nimis
249 3369 411 3451 praefatis
424 3370 459 3453 11)
487 3370 754 3437 infestationibus
782 3377 1015 3455 gravarentur,
1043 3372 1154 3453 ipsum
1178 3392 1198 3435 a
1220 3389 1253 3433 se
1273 3387 1314 3430 re·

123 3480 296 3538 moverunt
318 3479 353 3538 et
380 3473 415 3538 in
438 3473 581 3556 quodam
603 3480 704 3557 puteo
727 3476 892 3541 montibus
916 3476 1139 3558 circumsepto
1163 3476 1316 3539 immersa

122 3581 209 3656 runt,
231 3575 289 3639 ubi
312 3574 419 3640 adhuc
441 3574 603 3640 relatione
628 3576 845 3659 quorumdam
868 3576 1032 3661 quaedam
1056 3574 1239 3641 diabolicae
1258 3593 1316 3636 ma·

123 3678 330 3779 chinationes
354 3679 493 3744 ebullire
517 3679 680 3745 dicuntur.

209 3853 234 3901 7.
264 3853 354 3903 Codex
373 3869 420 3918 per
439 3869 553 3903 errorem
567 3840 625 3920 soe.
687 3856 694 3867 ’

208 3940 233 3987 8.
262 3940 387 3989 Fortasse
406 3941 506 3990 rectius
525 3941 589 4007 Leg.
604 3957 659 3991 aur.
674 3942 859 4006 congaudentes
876 3945 901 3990 ct
918 3958 984 3990 aare
1002 3945 1029 3991 ia
1047 3942 1124 4006 aquis
1141 3958 1209 3992 mo
1225 3941 1252 3989 in
1268 3953 1318 3988 uere

121 4023 251 4082 rapientes
268 4024 400 4073 mirabiles
418 4026 596 4075 inundationes
614 4028 641 4074 in
660 4029 733 4091 aquis
750 4027 889 4084 movebant,
908 4030 933 4075 et
951 4057 960 4067 -
977 4027 1139 4090 onerabant

208 4106 233 4153 9.
253 4105 328 4155 Adde
347 4109 387 4156 etl

192 4193 234 4240 lo.
264 4208 313 4240 non
331 4192 409 4243 deest
426 4195 455 4243 in
475 4195 576 4245 codice.

190 4278 232 4325 11.
261 4275 350 4326 Codex
368 4280 453 4328 nimiis
469 4282 630 4344 praejactis.-
652 4297 719 4344 quae
738 4283 855 4332 fortasse
875 4282 938 4337 terri
957 4289 1082 4346 possunt.
