2896 5062
392 379 559 430 HISTORIA
579 379 732 429 lossl‘ffl.
760 380 833 430 ΟΑΡ.
853 382 962 432 xxm.
1216 383 1275 444 139

75 534 245 613 quattuor
268 530 458 596 interficiet
483 550 644 614 corpora,
675 551 864 615 eorumque
891 532 1048 599 effundet
1072 534 1276 616 sanguinem

74 654 247 716 aquarum
266 633 303 697 in
319 633 473 715 modum,
495 638 640 716 propter
658 634 884 717 opprobrium
901 636 957 700 oui
983 656 1061 701 eum
1085 637 1276 719 exposituri

74 742 176 815 sunt,
202 742 238 801 et
261 736 487 821 ignominiam
510 758 579 820 qua
603 736 743 803 detecta
766 739 878 821 ipsius
903 739 1082 823 impietate
1110 761 1188 805 eum
1210 740 1277 804 vivi

72 840 261 906 notabunt.

520 1044 642 1112 Oneon
663 1045 829 1112 XXXII.

160 1217 210 1283 Et
230 1217 395 1283 diximus:
427 1216 457 1283 Ο
481 1217 619 1283 domine
643 1225 777 1301 noster,
806 1218 892 1284 deus
914 1224 950 1285 et
971 1225 1125 1285 servator
1146 1224 1275 1302 noster,

70 1322 220 1405 quinam
240 1327 323 1387 eunt
343 1321 397 1385 illi
419 1326 598 1404 quattuor,
629 1343 715 1405 quos
738 1321 858 1387 dixisti
884 1322 1035 1388 emedio
1057 1323 1276 1388 sublaturum

69 1446 152 1490 esse
168 1423 428 1490 Antichristum
445 1424 488 1489 ob
506 1425 810 1508 exprobrationem
828 1423 970 1491 eorum?
994 1426 1192 1509 Respondit
1208 1447 1276 1492 ser-

68 1535 185 1595 vator:
216 1527 277 1592 Illi
293 1533 375 1592 sunt
389 1528 550 1611 Henooh‚
571 1528 680 1611 Elias,
703 1526 823 1595 Schila
839 1535 875 1594 et
889 1527 1049 1594 Tabitha.
1079 1529 1186 1595 Hunc
1208 1551 1276 1595 ser-

67 1652 211 1698 monem
236 1653 314 1696 cum
339 1631 532 1698 audivimus
557 1653 577 1697 a
601 1639 774 1711 servatore
800 1639 935 1714 nostro,
967 1632 1075 1716 gavisi
1098 1655 1216 1698 sumus
1242 1639 1277 1699 et

70 1735 320 1817 exultavimus,
342 1757 547 1820 omnemque
565 1737 711 1821 gloriam
728 1742 763 1802 et
778 1737 968 1821 gratiarum
988 1737 1161 1802 actionem
1178 1737 1276 1803 obtu-

70 1836 179 1903 limus
200 1837 341 1904 domino
363 1838 428 1904 deo
451 1845 485 1904 et
507 1841 674 1905 servatori
697 1845 816 1905 nostro
837 1839 919 1904 Iesu
942 1837 1094 1906 Christo.
1131 1840 1202 1906 Hio
1223 1846 1277 1906 est

73 1942 132 2006 oui
148 1942 297 2007 debetur
313 1943 424 2027 gloria
445 1942 555 2008 honos
573 1943 726 2026 dignitas
743 1943 934 2009 dominium
956 1945 1115 2026 potentia
1136 1944 1274 2024 atlans,

75 2045 179 2110 simul
195 2066 235 2111 ac
250 2047 343 2129 patri
360 2045 451 2110 bono
464 2067 540 2109 eum
558 2068 598 2111 eo
616 2051 651 2111 et
667 2047 807 2135 spiritui
819 2051 939 2111 sancto
950 2047 1137 2114 vivificanti
1148 2047 1275 2113 dehinc

79 2151 115 2210 et
129 2150 219 2213 omni
236 2155 391 2231 tempore
409 2149 445 2212 in
463 2149 640 2213 saeculum
658 2149 887 2231 saeculorum,
905 2171 1015 2215 amen.
