2880 5062
126 382 187 444 116
400 382 445 432 DE
464 380 677 431 Nlr1v1vnru
696 381 838 432 maulam
867 380 942 432 CAP·
961 381 993 431 V.
1011 379 1058 431 VI.

125 532 296 611 manebit3
322 538 445 614 postea
471 532 612 596 servitio
637 531 769 596 domini
794 533 993 615 mancipata
1017 552 1039 596 a
1063 530 1191 613 templo
1213 548 1297 613 usque

125 635 169 700 ad
191 635 436 718 intelligibiles
458 656 568 701 annos
591 656 661 700 non
685 635 858 716 discedet,
882 635 931 700 ibi
955 634 1110 717 denique
1131 633 1257 698 ieiuniis
1272 636 1303 696 et

125 740 344 805 orationibus
368 748 470 807 nocte
493 764 534 807 ao
556 741 613 806 die
636 742 701 807 deo
724 742 878 807 serviens
907 741 949 806 ab
976 741 1071 805 omni
1094 736 1256 804 immundo
1271 752 1306 801 se

124 844 327 923 abstinebit,
344 845 455 909 virum
472 866 661 928 numquam
678 849 877 928 cognoscet,
896 844 958 909 sed
975 843 1051 909 sola
1067 843 1143 907 sine
1160 839 1311 921 exemplo,

125 948 199 1011 sine
216 947 368 1029 macula,
391 949 466 1013 sine
484 949 725 1031 corruptione,
748 949 822 1012 sine
840 947 932 1011 virili
950 946 1211 1026 commixtione,
1227 944 1315 1026 virgo

123 1049 248 1130 filium,
271 1050 401 1115 ancilla
424 1051 601 1116 dominum
624 1057 659 1116 et
682 1052 795 1134 gratia
818 1057 853 1115 et
873 1051 1014 1115 nomine
1037 1055 1074 1115 et
1095 1068 1198 1132 opere
1220 1046 1320 1111 salva·

123 1159 233 1218 torem
250 1153 371 1217 mundi
388 1154 583 1237 generabit,
631 1155 641 1187 ¹
658 1154 784 1236 Itaque
803 1173 905 1237 surge
923 1151 1074 1218 ascende
1091 1148 1320 1225 Hierusalem,

125 1261 159 1319 et
176 1276 254 1320 cum
271 1258 472 1349 perveneris
496 1256 539 1321 ad
555 1264 707 1339 portam,
731 1276 820 1339 quae
844 1276 951 1320 aurea
969 1276 1033 1338 pro
1055 1275 1098 1319 eo
1116 1252 1209 1337 quod
1223 1251 1325 1316 deau-

122 1365 200 1424 rata
216 1365 269 1423 est
284 1365 442 1439 vocatur,
466 1359 516 1424 ibi
532 1381 594 1443 pro
613 1360 712 1443 signo
729 1359 840 1422 virum
856 1364 970 1439 tuum,
994 1377 1057 1440 pro
1075 1357 1176 1421 cuius
1196 1353 1327 1420 ineolu-

123 1461 255 1526 mitatis
277 1468 370 1527 statu
396 1463 550 1528 sollicita
572 1483 623 1542 es,
647 1462 784 1527 obvium
807 1461 964 1526 babebis.
1004 1458 1091 1525 Cum
1115 1459 1201 1524 haec
1218 1458 1328 1541 igitur

122 1565 173 1628 ita
189 1565 379 1645 evenerint,
398 1566 486 1630 scito
505 1565 599 1648 quod
611 1585 700 1648 quae
718 1564 890 1628 annuntio
909 1563 984 1628 sine
1003 1562 1111 1628 dnbio
1124 1557 1328 1644 complenda

123 1672 236 1732 erunt.

631 1819 752 1886 Garun
774 1820 817 1887 V.

210 1977 219 2010 ¹
236 1976 353 2059 Igitur
377 1977 475 2040 iuxta
495 1975 612 2058 angeli
629 1983 855 2059 praeceptum
878 1982 1026 2057 uterque
1045 1972 1181 2038 deloco
1202 1973 1235 2036 in
1249 1989 1321 2052 quo

123 2084 223 2142 erant
237 2087 481 2161 promoventes
501 2079 738 2145 ascenderunt
748 2078 984 2158 Hierusalem,
1006 2082 1135 2141 etcum
1152 2074 1194 2140 ad
1209 2073 1318 2137 locum

121 2182 364 2261 pervenissent
384 2181 544 2266 angelico
566 2182 733 2248 vaticinio
757 2182 994 2265 designatum,
1016 2178 1067 2243 ibi
1090 2177 1158 2243 sibi
1179 2176 1314 2242 invicem

121 2282 357 2349 obviaverunt.
396 2283 496 2349 Tunc
518 2284 560 2350 de
582 2291 703 2349 mutua
725 2306 788 2349 sua
806 2285 941 2349 visione
964 2283 1048 2348 laeti
1072 2288 1108 2347 et
1131 2279 1310 2364 promissae

120 2386 230 2468 prolis
249 2387 461 2452 certitudine
480 2388 595 2453 securi
613 2388 751 2453 debitas
770 2388 909 2451 domino
933 2384 1117 2450 humilium
1142 2377 1306 2448 exaltaton'

121 2491 252 2571 gratias
278 2500 435 2573 egerunt.
483 2493 493 2524 ¹
515 2491 643 2574 Itaque
670 2491 815 2556 adorato
842 2490 982 2554 domino
1010 2488 1149 2553 domum
1174 2479 1301 2568 regressi

122 2590 277 2656 divinum
299 2596 508 2676 promissum
531 2595 618 2659 certi
641 2600 675 2659 et
695 2594 825 2658 hilares
850 2591 1112 2674 exspectabant.
1154 2582 1298 2666 Concepit

121 2716 202 2778 ergo
223 2695 330 2760 Anna
353 2703 387 2761 et
409 2699 548 2780 peperit
572 2697 694 2779 filiam,
721 2704 757 2762 et
781 2697 878 2760 iuxta
900 2694 1102 2759 mandatum
1127 2689 1295 2775 angelicum

118 2804 283 2880 parentes
300 2800 473 2865 vocabant
489 2822 615 2866 nornen
634 2801 709 2865 eius
726 2800 886 2864 Mariam.

600 2946 738 3070 'Oanos
762 3004 824 3071 Vl.

186 3210 189 3217 i
208 3160 218 3196 ¹
236 3156 393 3243 Cumque
416 3162 521 3224 trium
543 3181 713 3224 annorum
731 3159 883 3224 circulus
900 3158 1097 3223 volveretur
1118 3161 1153 3219 et
1173 3149 1290 3217 ablacta-

121 3262 228 3325 tionis
246 3268 383 3345 tempus
401 3263 611 3347 completum
631 3269 740 3344 esset,
762 3260 806 3327 ad
822 3261 992 3345 templum
1009 3258 1141 3326 domini
1156 3253 1289 3336 virginem

122 3384 198 3428 cum
226 3364 464 3430 oblationibus
490 3366 722 3430 adduxerunt.
768 3364 882 3429 Erant
906 3369 1022 3428 autem
1044 3363 1138 3426 circa
1157 3350 1289 3437 templum

119 3467 216 3530 iuxta
227 3459 428 3549 quindecim
445 3466 614 3552 graduum
634 3468 786 3550 psalmos
799 3466 1000 3550 quindecim
1017 3460 1224 3530 ascensionis
1237 3464 1290 3536 ΙΝ·

122 3677 188 3736 Par„
208 3678 284 3728 l'abr.
299 3684 327 3728 ct
340 3679 410 3729 Thil.
423 3695 476 3727 esse
486 3683 561 3740 pater
579 3676 583 3743 Ι
603 3683 675 3727 noete
687 3695 719 3725 ac
730 3679 786 3726 die:
806 3676 863 3725 Par.
876 3677 919 3725 die
930 3680 1063 3739 nostraque,
1083 3678 1177 3739 postca
1193 3660 1290 3716 ΜΝ

119 3762 203 3811 habet
216 3768 245 3813 et
257 3765 301 3812 ned
314 3780 364 3813 om.

187 3851 211 3899 2.
231 3848 270 3897 Cf.
284 3850 326 3897 Ps.
340 3850 439 3898 Matth.
454 3850 504 3907 111,
518 3852 542 3899 5.
561 3849 565 3913 Ι
586 3850 646 3899 Par.
660 3866 710 3899 om.
726 3865 776 3911 pro
795 3848 799 3912 Ι
818 3849 929 3898 obvium:
948 3848 1008 3896 Par.
1021 3849 1119 3896 obvium
1137 3845 1141 3910 Ι
1161 3826 1289 3902 οοσιιΡΙῐΙΙΙΗ

118 3935 158 3983 ita
171 3936 252 3984 etiam
265 3936 325 3984 Par.

188 4021 219 4077 V,
242 4024 263 4069 l.
289 4021 389 4085 augeli:
415 4021 472 4070 Par.
492 4018 655 4084 angelicum!
678 4020 735 4069 Par.
754 4020 926 4069 Hierusalem.
953 4018 1013 4067 Cum
1031 4018 1066 4067 ad
1083 4017 1163 4066 locum
1180 3986 1290 4063 stimuli

118 4105 177 4154 Par.
190 4110 216 4154 et
228 4108 259 4154 de
268 4108 410 4168 promissae
425 4106 428 4171 Ι
443 4108 502 4157 Par.
516 4123 567 4156 om.
580 4107 680 4156 debitas

187 4194 211 4239 2.
231 4191 271 4240 Cf.
290 4193 402 4243 adhaec
417 4194 459 4242 Ps.
473 4195 572 4243 naath.
586 4193 640 4252 ΙΙΙ,
658 4193 682 4241 5.
704 4190 707 4257 Ι
728 4193 841 4241 divinum
851 4192 1016 4253 promimur:
1034 4190 1093 4239 Par.
1107 4203 1171 4246 om..
1186 4185 1242 4233 iton
1255 4176 1291 4214 ⁰³¹¹

118 4292 206 4325 nomen
219 4279 272 4326 eius

188 4365 233 4423 Vl,
248 4367 261 4412 l
275 4372 304 4414 et
316 4367 341 4414 2.
361 4363 401 4413 cf.
412 4365 455 4413 ΡΒ.
466 4366 565 4414 Matth.
578 4365 624 4414 lv.
637 4366 804 4427 maximeque
818 4363 876 4413 coll.
888 4363 972 4419 Amb„
985 4361 1031 4410 ubi
1042 4362 1119 4425 plura
1131 4354 1242 4409 accurate
1251 4342 1292 4387 ΙΙΙ

118 4449 161 4498 his
177 4452 351 4500 conveniunt.

189 4540 211 4586 1.
231 4538 288 4585 Par.
307 4537 465 4587 «revolveretur
484 4544 488 4602 Ι
508 4537 568 4587 Par.
582 4538 653 4586 Erat
670 4542 753 4587 autem
765 4551 818 4586 owe
830 4538 901 4584 circa
914 4532 1034 4596 ternplum
1046 4529 1185 4594 qaindecim
1193 4512 1293 4589 gfff*
