2880 5062
120 387 259 433 mm
587 370 860 423 rsoussounus.

139 536 198 585 vm
229 522 249 586 i.
259 543 286 586 e.
297 542 395 605 quem
403 521 469 604 ipsi
477 521 712 604 descripsimus
721 544 762 586 ex
771 520 978 589 oodVeneto
987 520 1163 588 1161616116
1173 521 1268 588 clsss
1276 521 1318 588 X.

228 655 315 699 num.
331 631 536 700 CXXXIV.
559 632 683 699 saeculi
697 632 800 701 XVI.

340 856 439 923 XVI.
480 855 600 924 XVII.
644 855 918 924 ANAPHORA
939 855 1103 923 PIuArl

601 985 844 1026 GMOEAM'B.

207 1091 326 1156 Prior
353 1089 452 1154 huius
481 1089 653 1154 relationis
675 1089 780 1156 Pilsti
808 1089 851 1155 sd
877 1089 1064 1173 principem
1085 1091 1236 1156 recensio
1259 1093 1321 1173 pri·

119 1223 209 1267 mum
231 1202 322 1267 edita
344 1206 394 1266 est
416 1222 436 1266 6
456 1201 650 1267 Fabricio
675 1200 755 1267 Ood
771 1222 881 1284 apocr.
896 1200 966 1267 ΠΙ,
988 1223 1019 1284 p.
1036 1202 1100 1267 466
1116 1222 1189 1285 sqq.
1212 1202 1322 1268 uddits

119 1315 270 1379 versione
300 1313 416 1378 latina.
465 1312 608 1379 Textum
639 1336 657 1379 6
690 1313 760 1379 cod
783 1314 891 1379 Puris.
918 1314 1001 1397 ch.
1032 1334 1118 1380 nunc
1147 1311 1323 1379 1161710.

119 1447 147 1491 s.
170 1427 260 1490 1315.
284 1430 421 1490 exarato
446 1445 549 1507 opere
571 1423 714 1492 Gustsvi
737 1423 923 1492 Scbroeder
945 1425 1145 1508 exscriptum
1166 1424 1323 1491 hubebst.

119 1537 173 1601 Ex
190 1536 275 1602 libro
288 1534 441 1602 Fabricii
457 1534 597 1601 eundem
611 1540 740 1601 textum
756 1535 949 1602 Bircbius
963 1536 1097 1620 repetiit
1111 1536 1146 1601 in
1156 1535 1320 1602 Auctoris

120 1667 189 1729 suc,
211 1651 250 1711 ut
272 1647 442 1712 commode
465 1647 610 1713 conferri
632 1653 746 1730 posset
768 1669 843 1713 oum
864 1647 972 1714 alters
992 1648 1185 1715 recensione
1202 1648 1238 1714 in
1253 1647 1323 1715 cod.

119 1757 372 1826 Vindobonensi
394 1760 536 1833 inventa.
577 1756 696 1824 Thilo
721 1758 861 1826 sltersm
878 1760 1106 1826 recensionem
1124 1758 1224 1826 edere
1242 1762 1323 1826 sutis

118 1868 250 1953 babuit,
271 1869 315 1935 sd
338 1892 438 1953 quam
459 1871 584 1954 passim
605 1871 734 1936 notovit
757 1871 958 1937 Parisinusis
979 1871 1104 1938 codicis
1125 1893 1146 1936 a
1168 1892 1205 1937 se
1228 1892 1323 1938 accu-

118 1983 226 2047 ratius
250 1981 364 2047 collsti
384 1982 555 2073 lectiones.
589 1981 671 2047 Nos
694 1981 904 2048 adhibuimus
925 1981 987 2048 bos
1010 1982 1139 2078 codices
1161 1983 1349 2068 quinque:

176 2115 199 2160 u
226 2095 247 2160 i.
263 2116 289 2160 e.
312 2095 388 2160 Par.
409 2096 480 2159 ⁷70.
503 2117 531 2160 s.
557 2097 648 2159 1315.
672 2093 712 2160 ds
736 2115 800 2178 quo
823 2095 921 2160 modo
945 2091 1093 2160 diximus.
1137 2093 1332 2161 Sumsimus

228 2227 269 2271 ex
290 2205 433 2271 Thilonc
455 2211 489 2270 61
510 2204 676 2271 Fabricio.

177 2337 198 2381 s
224 2317 244 2381 i.
261 2338 287 2381 e.
309 2317 386 2381 Pur.
409 2338 496 2380 num.
513 2318 584 2380 929.
608 2316 730 2380 saeculi
756 2316 843 2395 XV„
872 2316 966 2380 cuius
988 2320 1117 2380 textum
1138 2320 1249 2381 totum
1273 2315 1345 2383 de-

228 2429 430 2510 scripsimus.

180 2558 198 2603 c
229 2540 249 2604 i.
273 2561 299 2604 6.
322 2539 504 2604 Mediolsn.
526 2538 683 2604 Ambros.
711 2540 742 2604 Ε
768 2542 829 2604 100
861 2538 954 2621 Sup,
987 2536 1110 2602 sacculi
1141 2538 1211 2603 fere
1240 2537 1339 2604 XII.

227 2651 350 2716 Totum
373 2650 615 2733 descripsimus.

177 2782 201 2827 6
226 2763 246 2828 1.
263 2784 290 2828 6.
306 2762 405 2827 Coisl.
416 2760 566 2830 CXVII.
581 2784 611 2826 s.
624 2764 716 2826 1332.
733 2761 885 2843 scriptus.
911 2759 1158 2841 Descripsimus
1173 2761 1216 2826 ab
1232 2762 1330 2826 initio

228 2896 332 2957 usque
361 2878 411 2937 καὶ
436 2873 595 2958 ἑμδόῑουσ
617 2864 892 2956 ωαρεσκεύασεμ.
937 2870 1067 2935 Rursus
1090 2869 1133 2935 ab
1157 2872 1323 2936 ἐκέλευσα

230 2978 287 3068 οὖμ
312 2979 436 3069 τοῦτομ
461 2980 696 3068 σταυρωθιῖμαι
720 2977 1038 3066 666661ὥμἹουό.
1063 2977 1200 3046 καὶτοῦ
1223 2975 1322 3068 μόμου

230 3091 356 3177 αὐτοδμ.
402 3095 490 3158 Item
513 3094 631 3159 ultima
653 3093 869 3178 161116<ἵωερ
894 3095 981 3176 εἷδομ
1006 3097 1067 3157 616.

180 3226 200 3269 s
229 3207 249 3270 1.
265 3227 292 3269 6.
310 3203 516 3270 Harleisuus
539 3208 632 3270 5636.
656 3207 780 3271 6666611
803 3205 872 3271 fere
887 3203 966 3271 XV.
1010 3202 1094 3268 Inde
1117 3204 1252 3269 initium
1273 3224 1318 3269 us·

231 3337 294 3399 que
317 3315 377 3398 τὸμ
402 3307 485 3378 τότε
509 3315 616 3399 καιρὸμ
641 3319 765 3400 δέομτα
788 3316 1032 3400 exscripsimus.

208 3420 354 3491 Altera
377 3426 524 3490 eiusdem
540 3426 712 3492 relationis
728 3430 878 3493 recensio
895 3427 1038 3493 editores
1052 3425 1170 3491 b'abuit
1185 3432 1219 3491 et
1235 3424 1321 3491 Bir-

124 3536 253 3601 ohium
276 3543 310 3600 61
332 3536 553 3602 Thilonem.
590 3514 652 3603 Illo
673 3561 713 3604 ex
728 3539 982 3607 Vindobonensi
997 3537 1111 3603 codice
1126 3536 1240 3603 hausit
1256 3543 1322 3604 sas·

126 3645 190 3710 culi
208 3647 276 3711 fere
291 3646 391 3713 XIV.
428 3647 531 3730 Apud
546 3649 734 3714 Nesselium
750 3652 928 3735 insignitus
944 3656 994 3715 est
1016 3649 1205 3730 1111111.246.;
1229 3649 1322 3714 Lum-

123 3756 237 3820 becius
253 3754 293 3820 de
309 3777 348 3820 66
366 3760 501 3838 exponit
522 3758 577 3824 lib.
592 3752 687 3844 V.'.p.
703 3763 754 3826 23.
785 3761 884 3826 Thilo
900 3782 978 3825 vero
995 3759 1038 3824 ad
1053 3764 1180 3823 textum
1196 3758 1323 3824 Bircbii

125 3865 431 3950 Vindobonensem‚
461 3892 557 3952 quem
579 3872 729 3954 repetiit,
757 3873 909 3955 inprimis
932 3871 1156 3936 Purisiensem
1178 3870 1325 3936 codicem

124 3997 212 4042 num.
225 3979 314 4042 1019.
331 3980 484 4061 6611111111;
508 3981 645 4046 61161166
662 3983 786 4047 6661616
802 3983 1010 4063 Purisiensis,
1025 4003 1113 4046 num.
1131 3981 1233 4062 1331.
1249 4003 1326 4065 psu-

126 4087 274 4152 oissimas
305 4088 465 4154 lectiones
493 4092 615 4157 attulit.
659 4093 741 4158 Nos
768 4094 915 4177 quinque
944 4093 1112 4158 codicibus
1138 4093 1191 4157 usi
1214 4114 1328 4160 sumus

125 4197 159 4261 in
182 4197 245 4263 1166
266 4199 429 4264 relatione
453 4202 588 4266 edenda.
634 4203 719 4269 Sunt
742 4211 854 4270 sutem
875 4206 923 4270 hi:

183 4331 204 4374 s
231 4310 252 4374 i.
268 4331 294 4374 6.
317 4310 586 4378 Vindobonensis
608 4312 735 4381 Bircbii
758 4322 792 4381 61
814 4316 974 4397 Philonis,
997 4315 1037 4380 de
1060 4336 1126 4398 quo
1149 4314 1250 4381 modo
1275 4337 1329 4382 ex·

234 4422 418 4505 plicuimus
