<?xml version="1.0" encoding="UTF-8"?>
<!DOCTYPE html PUBLIC "-//W3C//DTD XHTML 1.0 Transitional//EN"
    "http://www.w3.org/TR/xhtml1/DTD/xhtml1-transitional.dtd">
<html xmlns="http://www.w3.org/1999/xhtml" xml:lang="en" lang="en">
 <head>
  <title>
</title>
<meta http-equiv="Content-Type" content="text/html;charset=utf-8" />
  <meta name='ocr-system' content='tesseract 3.04.00' />
  <meta name='ocr-capabilities' content='ocr_page ocr_carea ocr_par ocr_line ocrx_word'/>
</head>
<body>
  <div class='ocr_page' id='page_1' title='image "./evangeliaapocry01tiscgoog_0540.png"; bbox 0 0 2880 5062; ppageno 0'>
   <div class='ocr_carea' id='block_1_1' title="bbox 301 344 1261 408">
    <p class='ocr_par' dir='ltr' id='par_1_1' title="bbox 301 344 1261 408">
     <span class='ocr_line' id='line_1_1' title="bbox 301 344 1261 408; baseline 0.013 -12"><span class='ocrx_word' id='word_1_1' title='bbox 301 345 504 397; x_wconf 84' lang='lat' dir='ltr'><strong>nsscsvsus</strong></span> <span class='ocrx_word' id='word_1_2' title='bbox 523 344 666 397; x_wconf 83' lang='lat' dir='ltr'><strong>cuursrr</strong></span> <span class='ocrx_word' id='word_1_3' title='bbox 684 347 730 397; x_wconf 74' lang='lat' dir='ltr'><strong>ao</strong></span> <span class='ocrx_word' id='word_1_4' title='bbox 750 346 912 398; x_wconf 79' lang='lat' dir='ltr'><strong>irrasos.</strong></span> <span class='ocrx_word' id='word_1_5' title='bbox 931 348 963 396; x_wconf 92' lang='lat' dir='ltr'><strong>v.</strong></span> <span class='ocrx_word' id='word_1_6' title='bbox 984 346 1029 396; x_wconf 84' lang='lat' dir='ltr'><strong>vr.</strong></span> <span class='ocrx_word' id='word_1_7' title='bbox 1199 344 1261 408; x_wconf 76' lang='lat'><strong>427</strong></span> 
     </span>
    </p>
   </div>
   <div class='ocr_carea' id='block_1_2' title="bbox 468 626 856 711">
    <p class='ocr_par' dir='ltr' id='par_1_2' title="bbox 468 626 856 711">
     <span class='ocr_line' id='line_1_2' title="bbox 468 626 856 711; baseline 0 -20"><span class='ocrx_word' id='word_1_8' title='bbox 468 626 587 692; x_wconf 75' lang='lat' dir='ltr'><strong>(larua</strong></span> <span class='ocrx_word' id='word_1_9' title='bbox 609 626 671 693; x_wconf 89' lang='lat' dir='ltr'><strong>VI.</strong></span> <span class='ocrx_word' id='word_1_10' title='bbox 709 626 856 711; x_wconf 91' lang='lat' dir='ltr'>(XXII.)</span> 
     </span>
    </p>
   </div>
   <div class='ocr_carea' id='block_1_3' title="bbox 52 790 1346 2001">
    <p class='ocr_par' dir='ltr' id='par_1_3' title="bbox 52 790 1346 2001">
     <span class='ocr_line' id='line_1_3' title="bbox 150 790 1264 876; baseline 0 -19"><span class='ocrx_word' id='word_1_11' title='bbox 150 791 308 858; x_wconf 89' lang='lat' dir='ltr'><strong>¹Deinde</strong></span> <span class='ocrx_word' id='word_1_12' title='bbox 339 791 424 856; x_wconf 84' lang='lat' dir='ltr'><strong>alius</strong></span> <span class='ocrx_word' id='word_1_13' title='bbox 455 791 503 856; x_wconf 91' lang='lat' dir='ltr'><strong>ibi</strong></span> <span class='ocrx_word' id='word_1_14' title='bbox 534 790 668 857; x_wconf 81' lang='lat' dir='ltr'><strong>adstans</strong></span> <span class='ocrx_word' id='word_1_15' title='bbox 691 791 786 875; x_wconf 85' lang='lat' dir='ltr'><strong>quasi</strong></span> <span class='ocrx_word' id='word_1_16' title='bbox 810 791 952 876; x_wconf 87' lang='lat' dir='ltr'><strong>quodam</strong></span> <span class='ocrx_word' id='word_1_17' title='bbox 982 793 1193 875; x_wconf 85' lang='lat' dir='ltr'><strong>imperatoris</strong></span> <span class='ocrx_word' id='word_1_18' title='bbox 1222 792 1264 857; x_wconf 91' lang='lat' dir='ltr'><strong>si-</strong></span> 
     </span>
     <span class='ocr_line' id='line_1_4' title="bbox 52 894 1266 985; baseline -0.002 -22"><span class='ocrx_word' id='word_1_19' title='bbox 52 898 203 985; x_wconf 86' lang='lat' dir='ltr'><strong>gnaculo</strong></span> <span class='ocrx_word' id='word_1_20' title='bbox 235 898 481 981; x_wconf 80' lang='lat' dir='ltr'><strong>praeeminens,</strong></span> <span class='ocrx_word' id='word_1_21' title='bbox 513 894 623 960; x_wconf 88' lang='lat' dir='ltr'><strong>David</strong></span> <span class='ocrx_word' id='word_1_22' title='bbox 654 897 806 979; x_wconf 88' lang='lat' dir='ltr'><strong>nomine,</strong></span> <span class='ocrx_word' id='word_1_23' title='bbox 839 897 887 962; x_wconf 89' lang='lat' dir='ltr'><strong>ita</strong></span> <span class='ocrx_word' id='word_1_24' title='bbox 917 896 1125 980; x_wconf 83' lang='lat' dir='ltr'><strong>proclamans</strong></span> <span class='ocrx_word' id='word_1_25' title='bbox 1157 898 1266 963; x_wconf 89' lang='lat' dir='ltr'><strong>aiebat</strong></span> 
     </span>
     <span class='ocr_line' id='line_1_5' title="bbox 53 1000 1265 1086; baseline -0.004 -15"><span class='ocrx_word' id='word_1_26' title='bbox 53 1003 136 1086; x_wconf 79' lang='lat' dir='ltr'><strong>Ego</strong></span> <span class='ocrx_word' id='word_1_27' title='bbox 169 1002 202 1066; x_wconf 91' lang='lat' dir='ltr'><strong>in</strong></span> <span class='ocrx_word' id='word_1_28' title='bbox 235 1001 334 1066; x_wconf 89' lang='lat' dir='ltr'><strong>terris</strong></span> <span class='ocrx_word' id='word_1_29' title='bbox 365 1023 438 1067; x_wconf 92' lang='lat' dir='ltr'><strong>cum</strong></span> <span class='ocrx_word' id='word_1_30' title='bbox 471 1021 591 1081; x_wconf 90' lang='lat' dir='ltr'><strong>essem,</strong></span> <span class='ocrx_word' id='word_1_31' title='bbox 623 1000 662 1065; x_wconf 91' lang='lat' dir='ltr'><strong>de</strong></span> <span class='ocrx_word' id='word_1_32' title='bbox 691 1000 743 1066; x_wconf 91' lang='lat' dir='ltr'><strong>dei</strong></span> <span class='ocrx_word' id='word_1_33' title='bbox 772 1002 1003 1067; x_wconf 90' lang='lat' dir='ltr'><strong>misericordia</strong></span> <span class='ocrx_word' id='word_1_34' title='bbox 1029 1009 1063 1066; x_wconf 93' lang='lat' dir='ltr'><strong>et</strong></span> <span class='ocrx_word' id='word_1_35' title='bbox 1089 1002 1161 1067; x_wconf 88' lang='lat' dir='ltr'><strong>eius</strong></span> <span class='ocrx_word' id='word_1_36' title='bbox 1188 1003 1265 1067; x_wconf 90' lang='lat' dir='ltr'><strong>visi-</strong></span> 
     </span>
     <span class='ocr_line' id='line_1_6' title="bbox 55 1104 1265 1190; baseline -0.002 -18"><span class='ocrx_word' id='word_1_37' title='bbox 55 1107 189 1172; x_wconf 79' lang='lat' dir='ltr'><strong>tatione</strong></span> <span class='ocrx_word' id='word_1_38' title='bbox 215 1104 339 1189; x_wconf 89' lang='lat' dir='ltr'><strong>populo</strong></span> <span class='ocrx_word' id='word_1_39' title='bbox 368 1104 572 1184; x_wconf 83' lang='lat' dir='ltr'><strong>revelabam,</strong></span> <span class='ocrx_word' id='word_1_40' title='bbox 600 1105 835 1188; x_wconf 84' lang='lat' dir='ltr'><strong>prophetizans</strong></span> <span class='ocrx_word' id='word_1_41' title='bbox 858 1106 970 1172; x_wconf 86' lang='lat' dir='ltr'><strong>futura</strong></span> <span class='ocrx_word' id='word_1_42' title='bbox 991 1106 1125 1190; x_wconf 85' lang='lat' dir='ltr'><strong>gaudia,</strong></span> <span class='ocrx_word' id='word_1_43' title='bbox 1152 1106 1265 1172; x_wconf 90' lang='lat' dir='ltr'><strong>dicens</strong></span> 
     </span>
     <span class='ocr_line' id='line_1_7' title="bbox 57 1208 1266 1296; baseline -0.003 -18"><span class='ocrx_word' id='word_1_44' title='bbox 57 1233 122 1296; x_wconf 90' lang='lat' dir='ltr'><strong>per</strong></span> <span class='ocrx_word' id='word_1_45' title='bbox 145 1211 257 1276; x_wconf 88' lang='lat' dir='ltr'><strong>omnia</strong></span> <span class='ocrx_word' id='word_1_46' title='bbox 280 1211 408 1276; x_wconf 90' lang='lat' dir='ltr'><strong>secula:</strong></span> <span class='ocrx_word' id='word_1_47' title='bbox 438 1208 667 1276; x_wconf 86' lang='lat' dir='ltr'><strong>Confiteantur</strong></span> <span class='ocrx_word' id='word_1_48' title='bbox 690 1209 824 1275; x_wconf 91' lang='lat' dir='ltr'><strong>dominc</strong></span> <span class='ocrx_word' id='word_1_49' title='bbox 849 1211 1097 1276; x_wconf 87' lang='lat' dir='ltr'><strong>misericordiae</strong></span> <span class='ocrx_word' id='word_1_50' title='bbox 1120 1212 1205 1292; x_wconf 89' lang='lat' dir='ltr'><strong>cius,</strong></span> <span class='ocrx_word' id='word_1_51' title='bbox 1233 1217 1266 1276; x_wconf 87' lang='lat' dir='ltr'><strong>et</strong></span> 
     </span>
     <span class='ocr_line' id='line_1_8' title="bbox 57 1310 1267 1394; baseline -0.002 -16"><span class='ocrx_word' id='word_1_52' title='bbox 57 1311 229 1380; x_wconf 88' lang='lat' dir='ltr'><strong>mirabilia</strong></span> <span class='ocrx_word' id='word_1_53' title='bbox 255 1311 327 1376; x_wconf 89' lang='lat' dir='ltr'><strong>eius</strong></span> <span class='ocrx_word' id='word_1_54' title='bbox 354 1310 432 1376; x_wconf 89' lang='lat' dir='ltr'><strong>filiis</strong></span> <span class='ocrx_word' id='word_1_55' title='bbox 459 1310 645 1393; x_wconf 89' lang='lat' dir='ltr'><strong>hominum,</strong></span> <span class='ocrx_word' id='word_1_56' title='bbox 672 1311 752 1394; x_wconf 88' lang='lat' dir='ltr'><strong>quia</strong></span> <span class='ocrx_word' id='word_1_57' title='bbox 778 1311 936 1377; x_wconf 79' lang='lat' dir='ltr'><strong>contrivit</strong></span> <span class='ocrx_word' id='word_1_58' title='bbox 961 1317 1075 1394; x_wconf 89' lang='lat' dir='ltr'><strong>portas</strong></span> <span class='ocrx_word' id='word_1_59' title='bbox 1098 1334 1210 1378; x_wconf 87' lang='lat' dir='ltr'><strong>aereas</strong></span> <span class='ocrx_word' id='word_1_60' title='bbox 1233 1319 1267 1377; x_wconf 90' lang='lat' dir='ltr'><strong>et</strong></span> 
     </span>
     <span class='ocr_line' id='line_1_9' title="bbox 58 1411 1266 1497; baseline -0.002 -17"><span class='ocrx_word' id='word_1_61' title='bbox 58 1421 172 1481; x_wconf 89' lang='lat' dir='ltr'><strong>vectes</strong></span> <span class='ocrx_word' id='word_1_62' title='bbox 194 1415 321 1480; x_wconf 85' lang='lat' dir='ltr'><strong>ferreos</strong></span> <span class='ocrx_word' id='word_1_63' title='bbox 345 1413 519 1496; x_wconf 81' lang='lat' dir='ltr'><strong>confregit.</strong></span> <span class='ocrx_word' id='word_1_64' title='bbox 555 1411 651 1478; x_wconf 79' lang='lat' dir='ltr'><strong>Tunc</strong></span> <span class='ocrx_word' id='word_1_65' title='bbox 674 1414 780 1478; x_wconf 86' lang='lat' dir='ltr'><strong>sancti</strong></span> <span class='ocrx_word' id='word_1_66' title='bbox 803 1414 1010 1497; x_wconf 84' lang='lat' dir='ltr'><strong>patriarchae</strong></span> <span class='ocrx_word' id='word_1_67' title='bbox 1033 1421 1067 1479; x_wconf 90' lang='lat' dir='ltr'><strong>et</strong></span> <span class='ocrx_word' id='word_1_68' title='bbox 1085 1415 1266 1497; x_wconf 85' lang='lat' dir='ltr'><strong>prophetae</strong></span> 
     </span>
     <span class='ocr_line' id='line_1_10' title="bbox 60 1518 1266 1603; baseline -0.002 -19"><span class='ocrx_word' id='word_1_69' title='bbox 60 1524 245 1603; x_wconf 91' lang='lat' dir='ltr'><strong>coeperunt</strong></span> <span class='ocrx_word' id='word_1_70' title='bbox 272 1519 359 1584; x_wconf 90' lang='lat' dir='ltr'><strong>inter</strong></span> <span class='ocrx_word' id='word_1_71' title='bbox 386 1540 420 1582; x_wconf 89' lang='lat' dir='ltr'><strong>se</strong></span> <span class='ocrx_word' id='word_1_72' title='bbox 444 1518 584 1582; x_wconf 90' lang='lat' dir='ltr'><strong>invicem</strong></span> <span class='ocrx_word' id='word_1_73' title='bbox 608 1539 847 1600; x_wconf 85' lang='lat' dir='ltr'><strong>recognoscere</strong></span> <span class='ocrx_word' id='word_1_74' title='bbox 870 1523 904 1583; x_wconf 93' lang='lat' dir='ltr'><strong>et</strong></span> <span class='ocrx_word' id='word_1_75' title='bbox 927 1518 968 1584; x_wconf 90' lang='lat' dir='ltr'><strong>de</strong></span> <span class='ocrx_word' id='word_1_76' title='bbox 990 1518 1175 1602; x_wconf 88' lang='lat' dir='ltr'><strong>prophetiis</strong></span> <span class='ocrx_word' id='word_1_77' title='bbox 1198 1518 1266 1583; x_wconf 91' lang='lat' dir='ltr'><strong>suis</strong></span> 
     </span>
     <span class='ocr_line' id='line_1_11' title="bbox 62 1619 1267 1708; baseline -0.003 -18"><span class='ocrx_word' id='word_1_78' title='bbox 62 1622 185 1708; x_wconf 83' lang='lat' dir='ltr'><strong>singuli</strong></span> <span class='ocrx_word' id='word_1_79' title='bbox 209 1621 339 1706; x_wconf 86' lang='lat' dir='ltr'><strong>singula</strong></span> <span class='ocrx_word' id='word_1_80' title='bbox 360 1621 480 1686; x_wconf 88' lang='lat' dir='ltr'><strong>dicere.</strong></span> <span class='ocrx_word' id='word_1_81' title='bbox 524 1619 620 1686; x_wconf 82' lang='lat' dir='ltr'><strong>Tunc</strong></span> <span class='ocrx_word' id='word_1_82' title='bbox 643 1626 776 1687; x_wconf 88' lang='lat' dir='ltr'><strong>sanctus</strong></span> <span class='ocrx_word' id='word_1_83' title='bbox 791 1621 951 1687; x_wconf 86' lang='lat' dir='ltr'><strong>Ieremias</strong></span> <span class='ocrx_word' id='word_1_84' title='bbox 976 1644 1052 1688; x_wconf 88' lang='lat' dir='ltr'><strong>suas</strong></span> <span class='ocrx_word' id='word_1_85' title='bbox 1074 1622 1267 1706; x_wconf 87' lang='lat' dir='ltr'><strong>prophetias</strong></span> 
     </span>
     <span class='ocr_line' id='line_1_12' title="bbox 63 1725 1267 1810; baseline -0.003 -16"><span class='ocrx_word' id='word_1_86' title='bbox 63 1728 256 1794; x_wconf 85' lang='lat' dir='ltr'><strong>examinans</strong></span> <span class='ocrx_word' id='word_1_87' title='bbox 277 1726 395 1792; x_wconf 87' lang='lat' dir='ltr'><strong>laiebat</strong></span> <span class='ocrx_word' id='word_1_88' title='bbox 423 1725 621 1810; x_wconf 89' lang='lat' dir='ltr'><strong>patriarchis</strong></span> <span class='ocrx_word' id='word_1_89' title='bbox 650 1731 683 1790; x_wconf 92' lang='lat' dir='ltr'><strong>et</strong></span> <span class='ocrx_word' id='word_1_90' title='bbox 711 1726 884 1809; x_wconf 89' lang='lat' dir='ltr'><strong>prophetis</strong></span> <span class='ocrx_word' id='word_1_91' title='bbox 906 1727 985 1810; x_wconf 90' lang='lat' dir='ltr'><strong>quia</strong></span> <span class='ocrx_word' id='word_1_92' title='bbox 1007 1749 1082 1794; x_wconf 90' lang='lat' dir='ltr'><strong>eum</strong></span> <span class='ocrx_word' id='word_1_93' title='bbox 1104 1750 1210 1793; x_wconf 88' lang='lat' dir='ltr'><strong>essem</strong></span> <span class='ocrx_word' id='word_1_94' title='bbox 1232 1727 1267 1791; x_wconf 93' lang='lat' dir='ltr'><strong>in</strong></span> 
     </span>
     <span class='ocr_line' id='line_1_13' title="bbox 63 1826 1346 1913; baseline -0.007 -16"><span class='ocrx_word' id='word_1_95' title='bbox 63 1829 164 1897; x_wconf 89' lang='lat' dir='ltr'><strong>terris</strong></span> <span class='ocrx_word' id='word_1_96' title='bbox 186 1827 382 1913; x_wconf 85' lang='lat' dir='ltr'><strong>prophetavi</strong></span> <span class='ocrx_word' id='word_1_97' title='bbox 406 1827 446 1893; x_wconf 91' lang='lat' dir='ltr'><strong>de</strong></span> <span class='ocrx_word' id='word_1_98' title='bbox 469 1827 522 1892; x_wconf 90' lang='lat' dir='ltr'><strong>dei</strong></span> <span class='ocrx_word' id='word_1_99' title='bbox 545 1827 628 1910; x_wconf 89' lang='lat' dir='ltr'><strong>tilio,</strong></span> <span class='ocrx_word' id='word_1_100' title='bbox 658 1826 749 1911; x_wconf 93' lang='lat' dir='ltr'><strong>quod</strong></span> <span class='ocrx_word' id='word_1_101' title='bbox 772 1827 807 1891; x_wconf 93' lang='lat' dir='ltr'><strong>in</strong></span> <span class='ocrx_word' id='word_1_102' title='bbox 830 1827 928 1893; x_wconf 88' lang='lat' dir='ltr'><strong>terris</strong></span> <span class='ocrx_word' id='word_1_103' title='bbox 951 1828 1040 1894; x_wconf 85' lang='lat' dir='ltr'><strong>visus</strong></span> <span class='ocrx_word' id='word_1_104' title='bbox 1063 1835 1114 1894; x_wconf 90' lang='lat' dir='ltr'><strong>est</strong></span> <span class='ocrx_word' id='word_1_105' title='bbox 1136 1834 1169 1894; x_wconf 89' lang='lat' dir='ltr'><strong>et</strong></span> <span class='ocrx_word' id='word_1_106' title='bbox 1193 1851 1265 1894; x_wconf 91' lang='lat' dir='ltr'><strong>cum</strong></span> <span class='ocrx_word' id='word_1_107' title='bbox 1343 1883 1346 1888; x_wconf 86' lang='lat'><em>.</em></span> 
     </span>
     <span class='ocr_line' id='line_1_14' title="bbox 63 1933 576 2001; baseline -0.01 0"><span class='ocrx_word' id='word_1_108' title='bbox 63 1933 255 2001; x_wconf 89' lang='lat' dir='ltr'><strong>hominibus</strong></span> <span class='ocrx_word' id='word_1_109' title='bbox 279 1940 494 1999; x_wconf 86' lang='lat' dir='ltr'><strong>conversatus</strong></span> <span class='ocrx_word' id='word_1_110' title='bbox 517 1937 576 1997; x_wconf 85' lang='lat' dir='ltr'><strong>est.</strong></span> 
     </span>
    </p>
   </div>
   <div class='ocr_carea' id='block_1_4' title="bbox 62 2049 1269 2556">
    <p class='ocr_par' dir='ltr' id='par_1_4' title="bbox 62 2049 1269 2556">
     <span class='ocr_line' id='line_1_15' title="bbox 153 2049 1267 2116; baseline -0.002 -1"><span class='ocrx_word' id='word_1_111' title='bbox 153 2049 275 2115; x_wconf 61' lang='grc' dir='ltr'><strong>8Τιιιιο</strong></span> <span class='ocrx_word' id='word_1_112' title='bbox 306 2071 421 2116; x_wconf 91' lang='lat' dir='ltr'><strong>omnes</strong></span> <span class='ocrx_word' id='word_1_113' title='bbox 452 2049 558 2114; x_wconf 88' lang='lat' dir='ltr'><strong>sancti</strong></span> <span class='ocrx_word' id='word_1_114' title='bbox 591 2049 776 2116; x_wconf 85' lang='lat' dir='ltr'><strong>exultantes</strong></span> <span class='ocrx_word' id='word_1_115' title='bbox 803 2049 838 2113; x_wconf 89' lang='lat' dir='ltr'><strong>in</strong></span> <span class='ocrx_word' id='word_1_116' title='bbox 867 2049 990 2115; x_wconf 90' lang='lat' dir='ltr'><strong>lumine</strong></span> <span class='ocrx_word' id='word_1_117' title='bbox 1018 2049 1144 2116; x_wconf 89' lang='lat' dir='ltr'><strong>domini</strong></span> <span class='ocrx_word' id='word_1_118' title='bbox 1173 2056 1206 2114; x_wconf 89' lang='lat' dir='ltr'><strong>et</strong></span> <span class='ocrx_word' id='word_1_119' title='bbox 1232 2051 1267 2113; x_wconf 93' lang='lat' dir='ltr'><strong>in</strong></span> 
     </span>
     <span class='ocr_line' id='line_1_16' title="bbox 62 2154 1268 2242; baseline -0.004 -17"><span class='ocrx_word' id='word_1_120' title='bbox 62 2163 201 2242; x_wconf 83' lang='lat' dir='ltr'><strong>aspectu</strong></span> <span class='ocrx_word' id='word_1_121' title='bbox 225 2156 329 2239; x_wconf 89' lang='lat' dir='ltr'><strong>patris</strong></span> <span class='ocrx_word' id='word_1_122' title='bbox 351 2154 448 2220; x_wconf 87' lang='lat' dir='ltr'><strong>Adae</strong></span> <span class='ocrx_word' id='word_1_123' title='bbox 475 2160 510 2220; x_wconf 93' lang='lat' dir='ltr'><strong>et</strong></span> <span class='ocrx_word' id='word_1_124' title='bbox 535 2154 570 2219; x_wconf 93' lang='lat' dir='ltr'><strong>in</strong></span> <span class='ocrx_word' id='word_1_125' title='bbox 592 2155 811 2238; x_wconf 85' lang='lat' dir='ltr'><strong>responsione</strong></span> <span class='ocrx_word' id='word_1_126' title='bbox 834 2155 981 2221; x_wconf 91' lang='lat' dir='ltr'><strong>omnium</strong></span> <span class='ocrx_word' id='word_1_127' title='bbox 1004 2155 1268 2239; x_wconf 87' lang='lat' dir='ltr'><strong>patriarcharum</strong></span> 
     </span>
     <span class='ocr_line' id='line_1_17' title="bbox 63 2254 1268 2346; baseline -0.004 -17"><span class='ocrx_word' id='word_1_128' title='bbox 63 2269 98 2330; x_wconf 91' lang='lat' dir='ltr'><strong>et</strong></span> <span class='ocrx_word' id='word_1_129' title='bbox 119 2261 356 2346; x_wconf 89' lang='lat' dir='ltr'><strong>prophetarum</strong></span> <span class='ocrx_word' id='word_1_130' title='bbox 380 2259 668 2342; x_wconf 89' lang='lat' dir='ltr'><strong>proclamaverunt</strong></span> <span class='ocrx_word' id='word_1_131' title='bbox 690 2259 852 2325; x_wconf 86' lang='lat' dir='ltr'><strong>dicentes:</strong></span> <span class='ocrx_word' id='word_1_132' title='bbox 886 2258 1046 2342; x_wconf 87' lang='lat' dir='ltr'><strong>Alleluia,</strong></span> <span class='ocrx_word' id='word_1_133' title='bbox 1074 2254 1268 2324; x_wconf 87' lang='lat' dir='ltr'><strong>benedictus</strong></span> 
     </span>
     <span class='ocr_line' id='line_1_18' title="bbox 63 2363 1269 2454; baseline -0.002 -21"><span class='ocrx_word' id='word_1_134' title='bbox 63 2367 121 2454; x_wconf 89' lang='lat' dir='ltr'><strong>qui</strong></span> <span class='ocrx_word' id='word_1_135' title='bbox 155 2365 245 2430; x_wconf 90' lang='lat' dir='ltr'><strong>venit</strong></span> <span class='ocrx_word' id='word_1_136' title='bbox 275 2365 310 2429; x_wconf 92' lang='lat' dir='ltr'><strong>in</strong></span> <span class='ocrx_word' id='word_1_137' title='bbox 336 2365 472 2430; x_wconf 93' lang='lat' dir='ltr'><strong>nomine</strong></span> <span class='ocrx_word' id='word_1_138' title='bbox 495 2363 639 2429; x_wconf 91' lang='lat' dir='ltr'><strong>domini:</strong></span> <span class='ocrx_word' id='word_1_139' title='bbox 670 2365 719 2429; x_wconf 88' lang='lat' dir='ltr'><strong>ita</strong></span> <span class='ocrx_word' id='word_1_140' title='bbox 746 2371 784 2428; x_wconf 89' lang='lat' dir='ltr'><strong>ut</strong></span> <span class='ocrx_word' id='word_1_141' title='bbox 811 2364 1050 2430; x_wconf 85' lang='lat' dir='ltr'><strong>exclamatione</strong></span> <span class='ocrx_word' id='word_1_142' title='bbox 1079 2388 1192 2431; x_wconf 89' lang='lat' dir='ltr'><strong>eorum</strong></span> <span class='ocrx_word' id='word_1_143' title='bbox 1216 2387 1269 2431; x_wconf 86' lang='lat' dir='ltr'><strong>ex-</strong></span> 
     </span>
     <span class='ocr_line' id='line_1_19' title="bbox 62 2466 1267 2556; baseline -0.004 -20"><span class='ocrx_word' id='word_1_144' title='bbox 62 2473 256 2556; x_wconf 87' lang='lat' dir='ltr'><strong>pavesceret</strong></span> <span class='ocrx_word' id='word_1_145' title='bbox 286 2466 429 2533; x_wconf 82' lang='lat' dir='ltr'><strong>Satanas</strong></span> <span class='ocrx_word' id='word_1_146' title='bbox 467 2471 501 2530; x_wconf 87' lang='lat' dir='ltr'><strong>et</strong></span> <span class='ocrx_word' id='word_1_147' title='bbox 536 2472 712 2550; x_wconf 88' lang='lat' dir='ltr'><strong>quaereret</strong></span> <span class='ocrx_word' id='word_1_148' title='bbox 748 2466 873 2532; x_wconf 91' lang='lat' dir='ltr'><strong>aditum</strong></span> <span class='ocrx_word' id='word_1_149' title='bbox 911 2467 1066 2552; x_wconf 86' lang='lat' dir='ltr'><strong>fugiendi.</strong></span> <span class='ocrx_word' id='word_1_150' title='bbox 1118 2469 1164 2533; x_wconf 86' lang='lat' dir='ltr'><strong>Et</strong></span> <span class='ocrx_word' id='word_1_151' title='bbox 1201 2490 1267 2533; x_wconf 92' lang='lat' dir='ltr'><strong>non</strong></span> 
     </span>
    </p>
   </div>
   <div class='ocr_carea' id='block_1_5' title="bbox 59 2570 1355 2965">
    <p class='ocr_par' dir='ltr' id='par_1_5' title="bbox 59 2570 1355 2965">
     <span class='ocr_line' id='line_1_20' title="bbox 60 2570 1270 2661; baseline -0.003 -19"><span class='ocrx_word' id='word_1_152' title='bbox 60 2578 210 2661; x_wconf 86' lang='lat' dir='ltr'><strong>poterat,</strong></span> <span class='ocrx_word' id='word_1_153' title='bbox 239 2572 318 2656; x_wconf 93' lang='lat' dir='ltr'><strong>quia</strong></span> <span class='ocrx_word' id='word_1_154' title='bbox 345 2571 496 2638; x_wconf 87' lang='lat' dir='ltr'><strong>infernus</strong></span> <span class='ocrx_word' id='word_1_155' title='bbox 525 2578 559 2637; x_wconf 89' lang='lat' dir='ltr'><strong>et</strong></span> <span class='ocrx_word' id='word_1_156' title='bbox 587 2570 747 2636; x_wconf 89' lang='lat' dir='ltr'><strong>satelhtes</strong></span> <span class='ocrx_word' id='word_1_157' title='bbox 779 2571 851 2637; x_wconf 91' lang='lat' dir='ltr'><strong>eius</strong></span> <span class='ocrx_word' id='word_1_158' title='bbox 882 2572 1040 2638; x_wconf 88' lang='lat' dir='ltr'><strong>tenebant</strong></span> <span class='ocrx_word' id='word_1_159' title='bbox 1067 2595 1141 2637; x_wconf 88' lang='lat' dir='ltr'><strong>eum</strong></span> <span class='ocrx_word' id='word_1_160' title='bbox 1164 2574 1198 2638; x_wconf 93' lang='lat' dir='ltr'><strong>in</strong></span> <span class='ocrx_word' id='word_1_161' title='bbox 1221 2574 1270 2638; x_wconf 90' lang='lat' dir='ltr'><strong>in·</strong></span> 
     </span>
     <span class='ocr_line' id='line_1_21' title="bbox 59 2674 1268 2758; baseline -0.004 -13"><span class='ocrx_word' id='word_1_162' title='bbox 59 2680 193 2745; x_wconf 81' lang='lat' dir='ltr'><strong>sernum</strong></span> <span class='ocrx_word' id='word_1_163' title='bbox 226 2675 442 2742; x_wconf 86' lang='lat' dir='ltr'><strong>constrictum</strong></span> <span class='ocrx_word' id='word_1_164' title='bbox 476 2679 509 2738; x_wconf 91' lang='lat' dir='ltr'><strong>et</strong></span> <span class='ocrx_word' id='word_1_165' title='bbox 539 2674 702 2739; x_wconf 87' lang='lat' dir='ltr'><strong>munitum</strong></span> <span class='ocrx_word' id='word_1_166' title='bbox 735 2696 795 2758; x_wconf 91' lang='lat' dir='ltr'><strong>per</strong></span> <span class='ocrx_word' id='word_1_167' title='bbox 823 2675 948 2756; x_wconf 65' lang='lat' dir='ltr'><strong>omnia,</strong></span> <span class='ocrx_word' id='word_1_168' title='bbox 979 2674 1198 2758; x_wconf 86' lang='lat' dir='ltr'><strong>dicebantque</strong></span> <span class='ocrx_word' id='word_1_169' title='bbox 1226 2674 1268 2740; x_wconf 89' lang='lat' dir='ltr'><strong>ad</strong></span> 
     </span>
     <span class='ocr_line' id='line_1_22' title="bbox 60 2776 1268 2866; baseline -0.007 -17"><span class='ocrx_word' id='word_1_170' title='bbox 60 2804 156 2849; x_wconf 91' lang='lat' dir='ltr'><strong>eum:</strong></span> <span class='ocrx_word' id='word_1_171' title='bbox 190 2779 279 2866; x_wconf 77' lang='lat' dir='ltr'><strong>Quid</strong></span> <span class='ocrx_word' id='word_1_172' title='bbox 312 2778 483 2863; x_wconf 83' lang='lat' dir='ltr'><strong>trepidas?</strong></span> <span class='ocrx_word' id='word_1_173' title='bbox 528 2776 601 2842; x_wconf 87' lang='lat' dir='ltr'><strong>Nos</strong></span> <span class='ocrx_word' id='word_1_174' title='bbox 632 2778 821 2843; x_wconf 87' lang='lat' dir='ltr'><strong>nullatenus</strong></span> <span class='ocrx_word' id='word_1_175' title='bbox 849 2782 882 2841; x_wconf 90' lang='lat' dir='ltr'><strong>te</strong></span> <span class='ocrx_word' id='word_1_176' title='bbox 909 2777 988 2842; x_wconf 91' lang='lat' dir='ltr'><strong>hinc</strong></span> <span class='ocrx_word' id='word_1_177' title='bbox 1015 2777 1105 2842; x_wconf 88' lang='lat' dir='ltr'><strong>exire</strong></span> <span class='ocrx_word' id='word_1_178' title='bbox 1133 2778 1268 2861; x_wconf 85' lang='lat' dir='ltr'><strong>permit-</strong></span> 
     </span>
     <span class='ocr_line' id='line_1_23' title="bbox 60 2880 1355 2965; baseline -0.008 -14"><span class='ocrx_word' id='word_1_179' title='bbox 60 2888 176 2952; x_wconf 88' lang='lat' dir='ltr'><strong>timus.</strong></span> <span class='ocrx_word' id='word_1_180' title='bbox 226 2883 291 2950; x_wconf 86' lang='lat' dir='ltr'><strong>Sed</strong></span> <span class='ocrx_word' id='word_1_181' title='bbox 320 2885 386 2949; x_wconf 88' lang='lat' dir='ltr'><strong>ista</strong></span> <span class='ocrx_word' id='word_1_182' title='bbox 414 2883 560 2965; x_wconf 87' lang='lat' dir='ltr'><strong>suscipe,</strong></span> <span class='ocrx_word' id='word_1_183' title='bbox 591 2882 679 2946; x_wconf 90' lang='lat' dir='ltr'><strong>sicut</strong></span> <span class='ocrx_word' id='word_1_184' title='bbox 702 2880 821 2964; x_wconf 88' lang='lat' dir='ltr'><strong>dignus</strong></span> <span class='ocrx_word' id='word_1_185' title='bbox 850 2903 899 2963; x_wconf 93' lang='lat' dir='ltr'><strong>es,</strong></span> <span class='ocrx_word' id='word_1_186' title='bbox 930 2883 971 2947; x_wconf 88' lang='lat' dir='ltr'><strong>ab</strong></span> <span class='ocrx_word' id='word_1_187' title='bbox 1000 2882 1058 2946; x_wconf 93' lang='lat' dir='ltr'><strong>illo</strong></span> <span class='ocrx_word' id='word_1_188' title='bbox 1088 2904 1185 2965; x_wconf 92' lang='lat' dir='ltr'><strong>quem</strong></span> <span class='ocrx_word' id='word_1_189' title='bbox 1214 2905 1268 2948; x_wconf 88' lang='lat' dir='ltr'><strong>ex·</strong></span> <span class='ocrx_word' id='word_1_190' title='bbox 1352 2934 1355 2941; x_wconf 19' lang='grc' dir='ltr'>Α</span> 
     </span>
    </p>
   </div>
   <div class='ocr_carea' id='block_1_6' title="bbox 58 3144 1272 4518">
    <p class='ocr_par' dir='ltr' id='par_1_6' title="bbox 61 3144 1270 3813">
     <span class='ocr_line' id='line_1_24' title="bbox 154 3144 1268 3210; baseline -0.002 -14"><span class='ocrx_word' id='word_1_191' title='bbox 154 3148 200 3206; x_wconf 84' lang='lat' dir='ltr'><strong>vl,</strong></span> <span class='ocrx_word' id='word_1_192' title='bbox 221 3150 245 3196; x_wconf 94' lang='lat'><strong>1.</strong></span> <span class='ocrx_word' id='word_1_193' title='bbox 282 3146 323 3197; x_wconf 84' lang='lat' dir='ltr'><strong>Cf.</strong></span> <span class='ocrx_word' id='word_1_194' title='bbox 341 3149 363 3196; x_wconf 83' lang='grc' dir='ltr'><strong>Α</strong></span> <span class='ocrx_word' id='word_1_195' title='bbox 383 3148 414 3205; x_wconf 89' lang='lat' dir='ltr'><strong>V,</strong></span> <span class='ocrx_word' id='word_1_196' title='bbox 429 3148 455 3196; x_wconf 83' lang='lat'><strong>2.</strong></span> <span class='ocrx_word' id='word_1_197' title='bbox 487 3146 588 3196; x_wconf 71' lang='lat' dir='ltr'><strong>Deinde</strong></span> <span class='ocrx_word' id='word_1_198' title='bbox 606 3161 663 3195; x_wconf 88' lang='lat' dir='ltr'><strong>cnm</strong></span> <span class='ocrx_word' id='word_1_199' title='bbox 683 3159 700 3196; x_wconf 80' lang='grc' dir='ltr'>Β</span> <span class='ocrx_word' id='word_1_200' title='bbox 720 3179 749 3194; x_wconf 83' lang='grc'><strong>..</strong></span> <span class='ocrx_word' id='word_1_201' title='bbox 769 3159 803 3197; x_wconf 74' lang='lat' dir='ltr'><strong>Ac</strong></span> <span class='ocrx_word' id='word_1_202' title='bbox 821 3145 936 3209; x_wconf 69' lang='lat' dir='ltr'><strong>Denique</strong></span> <span class='ocrx_word' id='word_1_203' title='bbox 951 3144 956 3207; x_wconf 93' lang='grc' dir='ltr'>Ι</span> <span class='ocrx_word' id='word_1_204' title='bbox 971 3158 989 3195; x_wconf 76' lang='lat' dir='ltr'><strong>n</strong></span> <span class='ocrx_word' id='word_1_205' title='bbox 1003 3147 1144 3208; x_wconf 74' lang='lat' dir='ltr'><strong>procedere</strong></span> <span class='ocrx_word' id='word_1_206' title='bbox 1161 3147 1268 3210; x_wconf 83' lang='lat' dir='ltr'><strong>impero-</strong></span> 
     </span>
     <span class='ocr_line' id='line_1_25' title="bbox 64 3230 1268 3296; baseline 0 -13"><span class='ocrx_word' id='word_1_207' title='bbox 64 3234 135 3283; x_wconf 74' lang='lat' dir='ltr'><strong>lorr&#39;a</strong></span> <span class='ocrx_word' id='word_1_208' title='bbox 152 3233 285 3296; x_wconf 69' lang='lat' dir='ltr'><strong>signaculo</strong></span> <span class='ocrx_word' id='word_1_209' title='bbox 300 3234 304 3290; x_wconf 99' lang='grc' dir='ltr'>Ι</span> <span class='ocrx_word' id='word_1_210' title='bbox 320 3233 351 3280; x_wconf 85' lang='lat' dir='ltr'><strong>de</strong></span> <span class='ocrx_word' id='word_1_211' title='bbox 368 3232 411 3281; x_wconf 80' lang='lat' dir='ltr'><strong>dei</strong></span> <span class='ocrx_word' id='word_1_212' title='bbox 428 3232 483 3281; x_wconf 79' lang='lat' dir='ltr'><strong>mir.</strong></span> <span class='ocrx_word' id='word_1_213' title='bbox 497 3235 522 3280; x_wconf 82' lang='lat' dir='ltr'><strong>et</strong></span> <span class='ocrx_word' id='word_1_214' title='bbox 540 3232 594 3280; x_wconf 73' lang='lat' dir='ltr'><strong>elac</strong></span> <span class='ocrx_word' id='word_1_215' title='bbox 612 3232 658 3280; x_wconf 76' lang='lat' dir='ltr'><strong>oie.</strong></span> <span class='ocrx_word' id='word_1_216' title='bbox 677 3230 706 3293; x_wconf 80' lang='lat' dir='ltr'><strong>(a</strong></span> <span class='ocrx_word' id='word_1_217' title='bbox 725 3247 767 3280; x_wconf 93' lang='lat' dir='ltr'><strong>om</strong></span> <span class='ocrx_word' id='word_1_218' title='bbox 785 3235 811 3279; x_wconf 82' lang='lat' dir='ltr'><strong>et</strong></span> <span class='ocrx_word' id='word_1_219' title='bbox 828 3230 930 3292; x_wconf 57' lang='lat' dir='ltr'><strong>rimie.)</strong></span> <span class='ocrx_word' id='word_1_220' title='bbox 947 3230 1043 3296; x_wconf 76' lang='lat' dir='ltr'><strong>popule</strong></span> <span class='ocrx_word' id='word_1_221' title='bbox 1063 3231 1209 3281; x_wconf 71' lang='lat' dir='ltr'><strong>..cheac</strong></span> <span class='ocrx_word' id='word_1_222' title='bbox 1226 3248 1268 3283; x_wconf 92' lang='lat' dir='ltr'><strong>om</strong></span> 
     </span>
     <span class='ocr_line' id='line_1_26' title="bbox 63 3318 1268 3386; baseline 0 -19"><span class='ocrx_word' id='word_1_223' title='bbox 63 3319 69 3386; x_wconf 89' lang='grc' dir='ltr'>Ι</span> <span class='ocrx_word' id='word_1_224' title='bbox 91 3334 106 3371; x_wconf 90' lang='lat' dir='ltr'><strong>c</strong></span> <span class='ocrx_word' id='word_1_225' title='bbox 124 3319 284 3380; x_wconf 75' lang='lat' dir='ltr'><strong>prophetare</strong></span> <span class='ocrx_word' id='word_1_226' title='bbox 308 3321 312 3376; x_wconf 92' lang='grc' dir='ltr'>Ι</span> <span class='ocrx_word' id='word_1_227' title='bbox 336 3330 417 3383; x_wconf 34' lang='lat' dir='ltr'><strong>nom,</strong></span> <span class='ocrx_word' id='word_1_228' title='bbox 429 3320 529 3382; x_wconf 80' lang='lat' dir='ltr'><strong>sutura</strong></span> <span class='ocrx_word' id='word_1_229' title='bbox 544 3318 658 3381; x_wconf 74' lang='lat' dir='ltr'><strong>gaudio,</strong></span> <span class='ocrx_word' id='word_1_230' title='bbox 682 3318 748 3367; x_wconf 87' lang='lat' dir='ltr'><strong>item</strong></span> <span class='ocrx_word' id='word_1_231' title='bbox 767 3333 817 3379; x_wconf 85' lang='lat' dir='ltr'><strong>per</strong></span> <span class='ocrx_word' id='word_1_232' title='bbox 834 3318 919 3366; x_wconf 78' lang='lat' dir='ltr'><strong>oraria</strong></span> <span class='ocrx_word' id='word_1_233' title='bbox 937 3334 985 3367; x_wconf 79' lang='lat' dir='ltr'><strong>see.</strong></span> <span class='ocrx_word' id='word_1_234' title='bbox 1010 3319 1014 3373; x_wconf 99' lang='grc' dir='ltr'>Ι</span> <span class='ocrx_word' id='word_1_235' title='bbox 1038 3318 1178 3381; x_wconf 70' lang='lat' dir='ltr'><strong>confregit:</strong></span> <span class='ocrx_word' id='word_1_236' title='bbox 1196 3319 1268 3367; x_wconf 84' lang='lat' dir='ltr'><strong>solus</strong></span> 
     </span>
     <span class='ocr_line' id='line_1_27' title="bbox 64 3401 1269 3465; baseline -0.001 -13"><span class='ocrx_word' id='word_1_237' title='bbox 64 3401 156 3456; x_wconf 66' lang='lat' dir='ltr'><strong>cedd</strong></span> <span class='ocrx_word' id='word_1_238' title='bbox 181 3405 360 3464; x_wconf 70' lang='lat' dir='ltr'><strong>Interrogatus</strong></span> <span class='ocrx_word' id='word_1_239' title='bbox 382 3405 465 3450; x_wconf 77' lang='lat' dir='ltr'><strong>actem</strong></span> <span class='ocrx_word' id='word_1_240' title='bbox 484 3419 501 3449; x_wconf 86' lang='lat' dir='ltr'><strong>a</strong></span> <span class='ocrx_word' id='word_1_241' title='bbox 524 3403 621 3450; x_wconf 69' lang='lat' dir='ltr'><strong>smera</strong></span> <span class='ocrx_word' id='word_1_242' title='bbox 641 3401 761 3463; x_wconf 73' lang='lat' dir='ltr'><strong>patribus</strong></span> <span class='ocrx_word' id='word_1_243' title='bbox 778 3403 834 3465; x_wconf 72' lang='lat' dir='ltr'><strong>quie</strong></span> <span class='ocrx_word' id='word_1_244' title='bbox 856 3406 934 3459; x_wconf 75' lang='lat' dir='ltr'><strong>ercet,</strong></span> <span class='ocrx_word' id='word_1_245' title='bbox 958 3401 1089 3464; x_wconf 78' lang='lat' dir='ltr'><strong>reapondil</strong></span> <span class='ocrx_word' id='word_1_246' title='bbox 1107 3402 1194 3450; x_wconf 78' lang='lat' dir='ltr'><strong>David</strong></span> <span class='ocrx_word' id='word_1_247' title='bbox 1215 3419 1269 3451; x_wconf 78' lang='lat' dir='ltr'><strong>cam</strong></span> 
     </span>
     <span class='ocr_line' id='line_1_28' title="bbox 65 3488 1268 3553; baseline -0.004 -12"><span class='ocrx_word' id='word_1_248' title='bbox 65 3490 175 3542; x_wconf 73' lang='lat' dir='ltr'><strong>mine.</strong></span> <span class='ocrx_word' id='word_1_249' title='bbox 199 3491 204 3547; x_wconf 99' lang='grc' dir='ltr'>Ι</span> <span class='ocrx_word' id='word_1_250' title='bbox 225 3493 360 3552; x_wconf 78' lang='lat' dir='ltr'><strong>coeperant</strong></span> <span class='ocrx_word' id='word_1_251' title='bbox 377 3514 387 3523; x_wconf 93' lang='lat'><strong>·</strong></span> <span class='ocrx_word' id='word_1_252' title='bbox 405 3489 436 3538; x_wconf 84' lang='lat' dir='ltr'><strong>de</strong></span> <span class='ocrx_word' id='word_1_253' title='bbox 457 3489 601 3552; x_wconf 71' lang='lat' dir='ltr'><strong>prophetiis</strong></span> <span class='ocrx_word' id='word_1_254' title='bbox 617 3490 671 3538; x_wconf 75' lang='lat' dir='ltr'><strong>ervia</strong></span> <span class='ocrx_word' id='word_1_255' title='bbox 694 3490 723 3549; x_wconf 78' lang='lat' dir='ltr'><strong>(a</strong></span> <span class='ocrx_word' id='word_1_256' title='bbox 743 3490 792 3538; x_wconf 63' lang='lat' dir='ltr'><strong>dia</strong></span> <span class='ocrx_word' id='word_1_257' title='bbox 809 3488 867 3548; x_wconf 74' lang='lat' dir='ltr'><strong>arca)</strong></span> <span class='ocrx_word' id='word_1_258' title='bbox 890 3493 954 3553; x_wconf 70' lang='lat' dir='ltr'><strong>einp.</strong></span> <span class='ocrx_word' id='word_1_259' title='bbox 974 3489 1076 3551; x_wconf 70' lang='lat' dir='ltr'><strong>rippale</strong></span> <span class='ocrx_word' id='word_1_260' title='bbox 1101 3488 1129 3549; x_wconf 73' lang='lat' dir='ltr'><strong>(a</strong></span> <span class='ocrx_word' id='word_1_261' title='bbox 1147 3489 1200 3551; x_wconf 90' lang='lat' dir='ltr'><strong>om)</strong></span> <span class='ocrx_word' id='word_1_262' title='bbox 1218 3490 1268 3537; x_wconf 81' lang='lat' dir='ltr'><strong>dic.</strong></span> 
     </span>
     <span class='ocr_line' id='line_1_29' title="bbox 68 3576 1268 3640; baseline -0.003 -13"><span class='ocrx_word' id='word_1_263' title='bbox 68 3577 139 3627; x_wconf 70' lang='lat' dir='ltr'><strong>stne</strong></span> <span class='ocrx_word' id='word_1_264' title='bbox 162 3591 201 3625; x_wconf 77' lang='lat' dir='ltr'><strong>aa.</strong></span> <span class='ocrx_word' id='word_1_265' title='bbox 223 3578 274 3624; x_wconf 86' lang='lat' dir='ltr'><strong>Ier.</strong></span> <span class='ocrx_word' id='word_1_266' title='bbox 299 3591 357 3623; x_wconf 87' lang='lat' dir='ltr'><strong>cnm</strong></span> <span class='ocrx_word' id='word_1_267' title='bbox 382 3587 418 3626; x_wconf 74' lang='grc' dir='ltr'><strong>ΔΒ</strong></span> <span class='ocrx_word' id='word_1_268' title='bbox 441 3611 448 3625; x_wconf 91' lang='grc'><strong><em>.</em></strong></span> <span class='ocrx_word' id='word_1_269' title='bbox 468 3611 475 3624; x_wconf 88' lang='grc'><strong>.</strong></span> <span class='ocrx_word' id='word_1_270' title='bbox 500 3590 632 3640; x_wconf 80' lang='lat' dir='ltr'><strong>ceoeper.</strong></span> <span class='ocrx_word' id='word_1_271' title='bbox 655 3576 725 3625; x_wconf 77' lang='lat' dir='ltr'><strong>intra</strong></span> <span class='ocrx_word' id='word_1_272' title='bbox 746 3593 773 3625; x_wconf 79' lang='lat' dir='ltr'><strong>ae</strong></span> <span class='ocrx_word' id='word_1_273' title='bbox 796 3577 827 3624; x_wconf 72' lang='lat' dir='ltr'><strong>(le</strong></span> <span class='ocrx_word' id='word_1_274' title='bbox 850 3576 996 3639; x_wconf 74' lang='lat' dir='ltr'><strong>prophetiis</strong></span> <span class='ocrx_word' id='word_1_275' title='bbox 1017 3577 1071 3624; x_wconf 78' lang='lat' dir='ltr'><strong>sair</strong></span> <span class='ocrx_word' id='word_1_276' title='bbox 1091 3576 1188 3639; x_wconf 74' lang='lat' dir='ltr'><strong>siagrrll</strong></span> <span class='ocrx_word' id='word_1_277' title='bbox 1210 3592 1268 3638; x_wconf 83' lang='lat' dir='ltr'><strong>per·</strong></span> 
     </span>
     <span class='ocr_line' id='line_1_30' title="bbox 65 3659 1270 3729; baseline -0.001 -17"><span class='ocrx_word' id='word_1_278' title='bbox 65 3678 229 3729; x_wconf 66' lang='lat' dir='ltr'><strong>cognoscere,</strong></span> <span class='ocrx_word' id='word_1_279' title='bbox 254 3664 323 3711; x_wconf 77' lang='lat' dir='ltr'><strong>inter</strong></span> <span class='ocrx_word' id='word_1_280' title='bbox 340 3679 402 3726; x_wconf 75' lang='lat' dir='ltr'><strong>quoe</strong></span> <span class='ocrx_word' id='word_1_281' title='bbox 419 3663 473 3713; x_wconf 83' lang='lat' dir='ltr'><strong>Ier.</strong></span> <span class='ocrx_word' id='word_1_282' title='bbox 496 3659 501 3729; x_wconf 90' lang='grc' dir='ltr'>Ι</span> <span class='ocrx_word' id='word_1_283' title='bbox 519 3664 668 3712; x_wconf 67' lang='lat' dir='ltr'><strong>exeruimus</strong></span> <span class='ocrx_word' id='word_1_284' title='bbox 686 3667 729 3714; x_wconf 86' lang='lat' dir='ltr'><strong>ete</strong></span> <span class='ocrx_word' id='word_1_285' title='bbox 748 3680 806 3714; x_wconf 86' lang='lat' dir='ltr'><strong>cum</strong></span> <span class='ocrx_word' id='word_1_286' title='bbox 825 3675 859 3715; x_wconf 77' lang='lat' dir='ltr'><strong>ac</strong></span> <span class='ocrx_word' id='word_1_287' title='bbox 879 3697 909 3712; x_wconf 83' lang='lat'><strong>..</strong></span> <span class='ocrx_word' id='word_1_288' title='bbox 929 3675 946 3712; x_wconf 81' lang='grc' dir='ltr'><strong>Β</strong></span> <span class='ocrx_word' id='word_1_289' title='bbox 963 3663 1091 3727; x_wconf 69' lang='lat' dir='ltr'><strong>referebat</strong></span> <span class='ocrx_word' id='word_1_290' title='bbox 1107 3664 1228 3725; x_wconf 69' lang='lat' dir='ltr'><strong>patribus</strong></span> <span class='ocrx_word' id='word_1_291' title='bbox 1245 3667 1270 3711; x_wconf 80' lang='lat' dir='ltr'><strong>et</strong></span> 
     </span>
     <span class='ocr_line' id='line_1_31' title="bbox 61 3748 377 3813; baseline 0 -16"><span class='ocrx_word' id='word_1_292' title='bbox 61 3748 200 3813; x_wconf 68' lang='lat' dir='ltr'><strong>prophetia</strong></span> <span class='ocrx_word' id='word_1_293' title='bbox 215 3748 302 3796; x_wconf 73' lang='lat' dir='ltr'><strong>aiem</strong></span> <span class='ocrx_word' id='word_1_294' title='bbox 319 3748 377 3810; x_wconf 72' lang='lat' dir='ltr'><strong>Epo</strong></span> 
     </span>
    </p>

    <p class='ocr_par' dir='ltr' id='par_1_7' title="bbox 58 3847 1272 4518">
     <span class='ocr_line' id='line_1_32' title="bbox 155 3847 1269 3914; baseline 0 -14"><span class='ocrx_word' id='word_1_295' title='bbox 155 3853 180 3900; x_wconf 79' lang='lat'><strong>2.</strong></span> <span class='ocrx_word' id='word_1_296' title='bbox 216 3849 259 3899; x_wconf 84' lang='lat' dir='ltr'><strong>Cf.</strong></span> <span class='ocrx_word' id='word_1_297' title='bbox 279 3852 300 3899; x_wconf 76' lang='lat' dir='ltr'>A</span> <span class='ocrx_word' id='word_1_298' title='bbox 320 3850 380 3900; x_wconf 72' lang='lat' dir='ltr'><strong>vll,</strong></span> <span class='ocrx_word' id='word_1_299' title='bbox 410 3850 503 3900; x_wconf 70' lang='lat' dir='ltr'><strong>lamiae</strong></span> <span class='ocrx_word' id='word_1_300' title='bbox 522 3886 529 3899; x_wconf 91' lang='lat'>.</span> <span class='ocrx_word' id='word_1_301' title='bbox 548 3886 555 3900; x_wconf 93' lang='lat'><strong>.</strong></span> <span class='ocrx_word' id='word_1_302' title='bbox 576 3851 710 3901; x_wconf 64' lang='lat' dir='ltr'><strong>neemiae</strong></span> <span class='ocrx_word' id='word_1_303' title='bbox 725 3854 729 3909; x_wconf 93' lang='grc' dir='ltr'>Ι</span> <span class='ocrx_word' id='word_1_304' title='bbox 745 3865 760 3902; x_wconf 87' lang='lat' dir='ltr'><strong>c</strong></span> <span class='ocrx_word' id='word_1_305' title='bbox 779 3856 919 3913; x_wconf 68' lang='lat' dir='ltr'><strong>conspeetu,</strong></span> <span class='ocrx_word' id='word_1_306' title='bbox 938 3851 1003 3901; x_wconf 87' lang='lat' dir='ltr'><strong>item</strong></span> <span class='ocrx_word' id='word_1_307' title='bbox 1021 3851 1149 3913; x_wconf 74' lang='lat' dir='ltr'><strong>reapoarlr</strong></span> <span class='ocrx_word' id='word_1_308' title='bbox 1164 3847 1169 3914; x_wconf 89' lang='grc' dir='ltr'>Ι</span> <span class='ocrx_word' id='word_1_309' title='bbox 1183 3851 1210 3899; x_wconf 80' lang='lat' dir='ltr'><strong>ia</strong></span> <span class='ocrx_word' id='word_1_310' title='bbox 1227 3867 1269 3900; x_wconf 76' lang='lat' dir='ltr'><strong>ro·</strong></span> 
     </span>
     <span class='ocr_line' id='line_1_33' title="bbox 67 3935 1269 3987; baseline -0.002 -2"><span class='ocrx_word' id='word_1_311' title='bbox 67 3937 133 3985; x_wconf 72' lang='lat' dir='ltr'><strong>mine</strong></span> <span class='ocrx_word' id='word_1_312' title='bbox 150 3935 248 3984; x_wconf 71' lang='lat' dir='ltr'><strong>domini</strong></span> <span class='ocrx_word' id='word_1_313' title='bbox 268 3951 327 3984; x_wconf 87' lang='lat' dir='ltr'><strong>cnm</strong></span> <span class='ocrx_word' id='word_1_314' title='bbox 345 3947 381 3987; x_wconf 76' lang='grc' dir='ltr'><strong>ΑΒ</strong></span> <span class='ocrx_word' id='word_1_315' title='bbox 401 3970 430 3984; x_wconf 89' lang='grc'><strong>..</strong></span> <span class='ocrx_word' id='word_1_316' title='bbox 451 3949 466 3986; x_wconf 93' lang='lat' dir='ltr'><strong>c</strong></span> <span class='ocrx_word' id='word_1_317' title='bbox 484 3935 537 3984; x_wconf 84' lang='lat' dir='ltr'><strong>edd</strong></span> <span class='ocrx_word' id='word_1_318' title='bbox 559 3936 622 3984; x_wconf 78' lang='lat' dir='ltr'><strong>deur</strong></span> <span class='ocrx_word' id='word_1_319' title='bbox 639 3937 753 3985; x_wconf 77' lang='lat' dir='ltr'><strong>domim</strong></span> <span class='ocrx_word' id='word_1_320' title='bbox 775 3940 801 3985; x_wconf 82' lang='lat' dir='ltr'><strong>et</strong></span> <span class='ocrx_word' id='word_1_321' title='bbox 824 3935 913 3985; x_wconf 68' lang='lat' dir='ltr'><strong>ulula</strong></span> <span class='ocrx_word' id='word_1_322' title='bbox 935 3935 1020 3984; x_wconf 74' lang='lat' dir='ltr'><strong>aelia.-</strong></span> <span class='ocrx_word' id='word_1_323' title='bbox 1044 3935 1162 3983; x_wconf 75' lang='lat' dir='ltr'><strong>Alleluia</strong></span> <span class='ocrx_word' id='word_1_324' title='bbox 1184 3936 1211 3983; x_wconf 77' lang='lat' dir='ltr'><strong>is</strong></span> <span class='ocrx_word' id='word_1_325' title='bbox 1233 3951 1269 3983; x_wconf 78' lang='lat' dir='ltr'><strong>re·</strong></span> 
     </span>
     <span class='ocr_line' id='line_1_34' title="bbox 66 4019 1271 4085; baseline -0.004 -13"><span class='ocrx_word' id='word_1_326' title='bbox 66 4021 128 4072; x_wconf 67' lang='lat' dir='ltr'><strong>ula</strong></span> <span class='ocrx_word' id='word_1_327' title='bbox 151 4020 246 4069; x_wconf 70' lang='lat' dir='ltr'><strong>seculi:</strong></span> <span class='ocrx_word' id='word_1_328' title='bbox 270 4019 329 4069; x_wconf 76' lang='lat' dir='ltr'><strong>lmu</strong></span> <span class='ocrx_word' id='word_1_329' title='bbox 345 4022 425 4070; x_wconf 70' lang='lat' dir='ltr'><strong>honor</strong></span> <span class='ocrx_word' id='word_1_330' title='bbox 443 4025 469 4069; x_wconf 81' lang='lat' dir='ltr'><strong>et</strong></span> <span class='ocrx_word' id='word_1_331' title='bbox 482 4021 584 4084; x_wconf 68' lang='lat' dir='ltr'><strong>plor-ia,</strong></span> <span class='ocrx_word' id='word_1_332' title='bbox 610 4022 653 4085; x_wconf 77' lang='lat' dir='ltr'><strong>qul</strong></span> <span class='ocrx_word' id='word_1_333' title='bbox 671 4021 798 4070; x_wconf 59' lang='lat' dir='ltr'><strong>adornati</strong></span> <span class='ocrx_word' id='word_1_334' title='bbox 815 4037 846 4068; x_wconf 71' lang='lat' dir='ltr'><strong>ea</strong></span> <span class='ocrx_word' id='word_1_335' title='bbox 863 4020 918 4069; x_wconf 82' lang='lat' dir='ltr'><strong>olto</strong></span> <span class='ocrx_word' id='word_1_336' title='bbox 936 4036 982 4068; x_wconf 73' lang='lat' dir='ltr'><strong>ner</strong></span> <span class='ocrx_word' id='word_1_337' title='bbox 997 4021 1115 4069; x_wconf 64' lang='lat' dir='ltr'><strong>eisitan.</strong></span> <span class='ocrx_word' id='word_1_338' title='bbox 1152 4019 1271 4069; x_wconf 75' lang='lat' dir='ltr'><strong>Alleluia</strong></span> 
     </span>
     <span class='ocr_line' id='line_1_35' title="bbox 66 4103 1270 4170; baseline -0.005 -12"><span class='ocrx_word' id='word_1_339' title='bbox 66 4109 203 4158; x_wconf 65' lang='lat' dir='ltr'><strong>mna-as</strong></span> <span class='ocrx_word' id='word_1_340' title='bbox 225 4120 275 4170; x_wconf 79' lang='lat' dir='ltr'><strong>per</strong></span> <span class='ocrx_word' id='word_1_341' title='bbox 296 4105 382 4155; x_wconf 75' lang='lat' dir='ltr'><strong>omnia</strong></span> <span class='ocrx_word' id='word_1_342' title='bbox 405 4103 409 4168; x_wconf 84' lang='grc' dir='ltr'>Ι</span> <span class='ocrx_word' id='word_1_343' title='bbox 433 4105 617 4156; x_wconf 56' lang='lat' dir='ltr'><strong>exuberatione</strong></span> <span class='ocrx_word' id='word_1_344' title='bbox 640 4141 648 4154; x_wconf 86' lang='lat'>.</span> <span class='ocrx_word' id='word_1_345' title='bbox 669 4142 676 4154; x_wconf 91' lang='lat'><strong>.</strong></span> <span class='ocrx_word' id='word_1_346' title='bbox 701 4120 716 4155; x_wconf 91' lang='lat' dir='ltr'><strong>c</strong></span> <span class='ocrx_word' id='word_1_347' title='bbox 738 4105 897 4154; x_wconf 66' lang='lat' dir='ltr'><strong>exclamare</strong></span> <span class='ocrx_word' id='word_1_348' title='bbox 922 4107 926 4163; x_wconf 99' lang='grc' dir='ltr'>Ι</span> <span class='ocrx_word' id='word_1_349' title='bbox 950 4105 988 4153; x_wconf 77' lang='lat' dir='ltr'><strong>Et</strong></span> <span class='ocrx_word' id='word_1_350' title='bbox 1006 4120 1054 4153; x_wconf 75' lang='lat' dir='ltr'><strong>nou</strong></span> <span class='ocrx_word' id='word_1_351' title='bbox 1076 4107 1102 4165; x_wconf 77' lang='lat' dir='ltr'><strong>(r</strong></span> <span class='ocrx_word' id='word_1_352' title='bbox 1121 4104 1186 4165; x_wconf 81' lang='lat' dir='ltr'><strong>Nec)</strong></span> <span class='ocrx_word' id='word_1_353' title='bbox 1206 4136 1214 4144; x_wconf 94' lang='lat'><em>-</em></span> <span class='ocrx_word' id='word_1_354' title='bbox 1232 4104 1270 4152; x_wconf 75' lang='lat' dir='ltr'><strong>irv-</strong></span> 
     </span>
     <span class='ocr_line' id='line_1_36' title="bbox 58 4190 1271 4260; baseline -0.005 -15"><span class='ocrx_word' id='word_1_355' title='bbox 58 4197 158 4260; x_wconf 73' lang='lat' dir='ltr'><strong>serm</strong></span> <span class='ocrx_word' id='word_1_356' title='bbox 175 4192 204 4255; x_wconf 81' lang='grc' dir='ltr'><strong>(Δ</strong></span> <span class='ocrx_word' id='word_1_357' title='bbox 221 4191 301 4255; x_wconf 75' lang='lat' dir='ltr'><strong>ami)</strong></span> <span class='ocrx_word' id='word_1_358' title='bbox 319 4219 329 4229; x_wconf 96' lang='lat'>·</span> <span class='ocrx_word' id='word_1_359' title='bbox 348 4193 375 4240; x_wconf 75' lang='lat' dir='ltr'><strong>irs</strong></span> <span class='ocrx_word' id='word_1_360' title='bbox 393 4192 442 4258; x_wconf 59' lang='lat' dir='ltr'><strong>irps.</strong></span> <span class='ocrx_word' id='word_1_361' title='bbox 459 4195 622 4243; x_wconf 65' lang='lat' dir='ltr'><strong>condrictum</strong></span> <span class='ocrx_word' id='word_1_362' title='bbox 641 4192 670 4253; x_wconf 78' lang='lat' dir='ltr'><strong>(n</strong></span> <span class='ocrx_word' id='word_1_363' title='bbox 689 4191 743 4253; x_wconf 93' lang='lat' dir='ltr'><strong>om)</strong></span> <span class='ocrx_word' id='word_1_364' title='bbox 761 4197 786 4241; x_wconf 83' lang='lat' dir='ltr'><strong>et</strong></span> <span class='ocrx_word' id='word_1_365' title='bbox 804 4193 924 4240; x_wconf 70' lang='lat' dir='ltr'><strong>monitam</strong></span> <span class='ocrx_word' id='word_1_366' title='bbox 942 4191 969 4253; x_wconf 86' lang='lat' dir='ltr'><strong>(c</strong></span> <span class='ocrx_word' id='word_1_367' title='bbox 988 4190 1118 4252; x_wconf 76' lang='lat' dir='ltr'><strong>iniectam)</strong></span> <span class='ocrx_word' id='word_1_368' title='bbox 1138 4222 1147 4230; x_wconf 88' lang='lat'>-</span> <span class='ocrx_word' id='word_1_369' title='bbox 1165 4192 1199 4240; x_wconf 79' lang='lat' dir='ltr'><strong>cd</strong></span> <span class='ocrx_word' id='word_1_370' title='bbox 1216 4208 1271 4239; x_wconf 80' lang='lat' dir='ltr'><strong>eum</strong></span> 
     </span>
     <span class='ocr_line' id='line_1_37' title="bbox 68 4276 1272 4343; baseline -0.006 -10"><span class='ocrx_word' id='word_1_371' title='bbox 68 4297 129 4332; x_wconf 77' lang='lat' dir='ltr'><strong>enm</strong></span> <span class='ocrx_word' id='word_1_372' title='bbox 148 4294 182 4332; x_wconf 74' lang='lat' dir='ltr'><strong>hc</strong></span> <span class='ocrx_word' id='word_1_373' title='bbox 202 4314 209 4327; x_wconf 84' lang='lat'><strong>·</strong></span> <span class='ocrx_word' id='word_1_374' title='bbox 230 4292 273 4330; x_wconf 78' lang='lat' dir='ltr'><strong>·B</strong></span> <span class='ocrx_word' id='word_1_375' title='bbox 296 4280 351 4329; x_wconf 80' lang='lat' dir='ltr'><strong>Nee</strong></span> <span class='ocrx_word' id='word_1_376' title='bbox 368 4311 378 4320; x_wconf 90' lang='lat'><strong>·</strong></span> <span class='ocrx_word' id='word_1_377' title='bbox 396 4279 514 4329; x_wconf 71' lang='lat' dir='ltr'><strong>laudm</strong></span> <span class='ocrx_word' id='word_1_378' title='bbox 535 4296 599 4328; x_wconf 80' lang='lat' dir='ltr'><strong>cum.</strong></span> <span class='ocrx_word' id='word_1_379' title='bbox 640 4281 763 4343; x_wconf 73' lang='lat' dir='ltr'><strong>Infernae</strong></span> <span class='ocrx_word' id='word_1_380' title='bbox 788 4279 956 4329; x_wconf 73' lang='lat' dir='ltr'><strong>contr-letatur</strong></span> <span class='ocrx_word' id='word_1_381' title='bbox 982 4278 1139 4341; x_wconf 73' lang='lat' dir='ltr'><strong>muniturque</strong></span> <span class='ocrx_word' id='word_1_382' title='bbox 1163 4276 1199 4340; x_wconf 75' lang='grc' dir='ltr'><strong>ΙΙ]</strong></span> <span class='ocrx_word' id='word_1_383' title='bbox 1222 4294 1272 4339; x_wconf 81' lang='lat' dir='ltr'><strong>per</strong></span> 
     </span>
     <span class='ocr_line' id='line_1_38' title="bbox 67 4363 1270 4431; baseline -0.006 -12"><span class='ocrx_word' id='word_1_384' title='bbox 67 4368 155 4419; x_wconf 68' lang='lat' dir='ltr'><strong>omnia</strong></span> <span class='ocrx_word' id='word_1_385' title='bbox 171 4367 273 4417; x_wconf 59' lang='lat' dir='ltr'><strong>&amp;aaa</strong></span> <span class='ocrx_word' id='word_1_386' title='bbox 290 4368 314 4416; x_wconf 81' lang='lat' dir='ltr'><strong>ei</strong></span> <span class='ocrx_word' id='word_1_387' title='bbox 336 4375 342 4430; x_wconf 85' lang='grc' dir='ltr'>Ι</span> <span class='ocrx_word' id='word_1_388' title='bbox 366 4380 381 4417; x_wconf 90' lang='lat' dir='ltr'><strong>c</strong></span> <span class='ocrx_word' id='word_1_389' title='bbox 402 4366 471 4428; x_wconf 64' lang='lat' dir='ltr'><strong>Quid</strong></span> <span class='ocrx_word' id='word_1_390' title='bbox 484 4367 633 4431; x_wconf 73' lang='lat' dir='ltr'><strong>formidas,</strong></span> <span class='ocrx_word' id='word_1_391' title='bbox 658 4367 755 4423; x_wconf 74' lang='lat' dir='ltr'><strong>Salar,</strong></span> <span class='ocrx_word' id='word_1_392' title='bbox 779 4369 804 4415; x_wconf 83' lang='lat' dir='ltr'><strong>et</strong></span> <span class='ocrx_word' id='word_1_393' title='bbox 822 4366 952 4430; x_wconf 73' lang='lat' dir='ltr'><strong>trepidari</strong></span> <span class='ocrx_word' id='word_1_394' title='bbox 976 4363 981 4428; x_wconf 95' lang='grc' dir='ltr'>Ι</span> <span class='ocrx_word' id='word_1_395' title='bbox 1006 4365 1056 4414; x_wconf 76' lang='lat' dir='ltr'><strong>aea</strong></span> <span class='ocrx_word' id='word_1_396' title='bbox 1075 4367 1126 4413; x_wconf 70' lang='lat' dir='ltr'><strong>istu</strong></span> <span class='ocrx_word' id='word_1_397' title='bbox 1144 4367 1187 4412; x_wconf 85' lang='lat' dir='ltr'><strong>etc</strong></span> <span class='ocrx_word' id='word_1_398' title='bbox 1211 4379 1270 4412; x_wconf 86' lang='lat' dir='ltr'><strong>cum</strong></span> 
     </span>
     <span class='ocr_line' id='line_1_39' title="bbox 67 4450 1269 4518; baseline -0.009 -11"><span class='ocrx_word' id='word_1_399' title='bbox 67 4469 87 4507; x_wconf 78' lang='grc' dir='ltr'><strong>Δ</strong></span> <span class='ocrx_word' id='word_1_400' title='bbox 111 4489 147 4506; x_wconf 87' lang='grc'><strong>..</strong></span> <span class='ocrx_word' id='word_1_401' title='bbox 171 4465 207 4506; x_wconf 68' lang='lat' dir='ltr'><strong>lc</strong></span> <span class='ocrx_word' id='word_1_402' title='bbox 234 4457 374 4518; x_wconf 76' lang='lat' dir='ltr'><strong>eompt03</strong></span> <span class='ocrx_word' id='word_1_403' title='bbox 405 4466 421 4505; x_wconf 88' lang='lat' dir='ltr'><strong>c</strong></span> <span class='ocrx_word' id='word_1_404' title='bbox 443 4451 495 4503; x_wconf 76' lang='lat' dir='ltr'><strong>sio:</strong></span> <span class='ocrx_word' id='word_1_405' title='bbox 526 4452 584 4502; x_wconf 80' lang='lat' dir='ltr'><strong>Irla</strong></span> <span class='ocrx_word' id='word_1_406' title='bbox 610 4452 721 4517; x_wconf 64' lang='grc' dir='ltr'><strong>Μοίρι,</strong></span> <span class='ocrx_word' id='word_1_407' title='bbox 748 4452 773 4501; x_wconf 77' lang='lat' dir='ltr'><strong>ri</strong></span> <span class='ocrx_word' id='word_1_408' title='bbox 794 4468 871 4502; x_wconf 69' lang='lat' dir='ltr'><strong>oram</strong></span> <span class='ocrx_word' id='word_1_409' title='bbox 897 4469 936 4510; x_wconf 79' lang='lat' dir='ltr'><strong>er,</strong></span> <span class='ocrx_word' id='word_1_410' title='bbox 965 4451 1026 4515; x_wconf 79' lang='lat' dir='ltr'><strong>qaia</strong></span> <span class='ocrx_word' id='word_1_411' title='bbox 1048 4450 1173 4513; x_wconf 70' lang='lat' dir='ltr'><strong>lacuque</strong></span> <span class='ocrx_word' id='word_1_412' title='bbox 1194 4465 1269 4513; x_wconf 70' lang='lat' dir='ltr'><strong>erpa·</strong></span> 
     </span>
    </p>
   </div>
   <div class='ocr_carea' id='block_1_7' title="bbox 0 0 1454 5062">
    <p class='ocr_par' dir='ltr' id='par_1_8' title="bbox 0 0 1454 5062">
     <span class='ocr_line' id='line_1_40' title="bbox 0 0 1454 5062; baseline 0 0"><span class='ocrx_word' id='word_1_413' title='bbox 0 0 1454 5062; x_wconf 95' lang='lat' dir='ltr'><strong> </strong></span> 
     </span>
    </p>
   </div>
  </div>
 </body>
</html>
