2880 5062
374 381 542 433 HISTORIA
561 382 714 433 IOSEPHI.
749 382 823 435 CAP.
842 386 902 434 VII.
922 386 997 436 vlu.
1016 386 1062 437 1x.
1261 388 1321 451 125

99 532 205 598 ixit
220 532 288 597 illi:
306 532 457 616 Iosephe
475 533 525 596 fili
535 533 661 616 David,
679 555 722 598 ne
740 534 863 600 timeas
880 537 1040 618 accipere
1052 535 1201 602 Mariam
1218 559 1320 621 spon·

99 655 177 700 arn
204 643 312 701 tuam:
333 636 464 720 quippe
482 637 644 720 concepit
661 636 703 702 de
721 638 846 720 spiritu
865 645 996 720 sancto,
1017 645 1053 703 et
1068 641 1185 722 pariet·
1198 640 1318 723 filium,

99 737 215 805 cuius
232 760 358 804 nomen
376 740 613 824 appellabitur
628 740 741 806 Iesus.
773 740 844 805 Hic
861 740 921 805 ille
939 743 1016 824 (est)
1032 744 1092 824 qui
1110 736 1321 824 gubernabit

101 861 233 908 omnes
257 850 381 927 gentes
403 848 541 925 sceptro
565 842 690 909 ferreo.
723 843 834 928 (Haec
855 844 1072 928 prolocutus)
1090 844 1254 910 discessit
1276 847 1318 911 ab

104 965 135 1010 eo
174 946 338 1030 angelus.
385 944 545 1011 Surrexit
565 966 645 1010 vero
668 945 842 1029 Iosephus
864 946 906 1011 de
929 967 1049 1011 somno
1072 968 1151 1029 suo,
1178 948 1321 1014 etfacit

107 1049 405 1131 quemadmodum
415 1051 484 1132 ipsi
495 1049 631 1114 dixerat
640 1048 787 1132 angelus
799 1049 946 1129 domini;
959 1056 994 1114 et
1003 1051 1196 1132 permansit
1205 1052 1320 1117 Maria

110 1152 207 1233 apud
222 1153 335 1217 illum.

602 1321 724 1389 Garun
747 1323 830 1391 VII.

198 1478 391 1543 Interiecto
410 1478 538 1544 deiude
555 1484 711 1561 tempore
728 1477 861 1561 prodiit
876 1476 1078 1543 mandatum
1094 1478 1136 1542 ab
1153 1476 1317 1561 Augusto

118 1576 261 1647 Caesare
279 1585 339 1666 (et)
355 1603 437 1666 rege
455 1589 494 1647 ut
511 1582 772 1648 describeretur
789 1583 973 1646 universus
991 1581 1085 1647 orbis
1102 1581 1317 1663 habitabilis,

119 1686 355 1768 unusquisque
388 1687 425 1749 in
451 1686 591 1752 civitate
619 1706 692 1751 sua.
738 1683 893 1768 Surgens
925 1685 1045 1768 itaque
1071 1705 1178 1749 senex
1202 1685 1316 1750 iustus

121 1783 283 1871 Iosephus
321 1791 459 1873 accepit
493 1795 635 1874 (secum)
666 1789 815 1853 Mariam
852 1790 1037 1872 virginem,
1075 1796 1110 1854 et
1146 1796 1318 1853 venerunt

123 1885 310 1973 bethleem,
334 1894 417 1975 quia
432 1893 589 1959 instabat
604 1897 725 1975 partus
743 1892 830 1956 eius.
863 1891 1052 1975 Inscripsit
1072 1897 1189 1956 autem
1206 1889 1313 1973 (Iose-

127 1988 217 2076 phus)
232 2015 359 2060 nomen
376 2016 477 2059 suum
494 1995 669 2078 catalogo:
687 2015 766 2059 nam
779 1993 953 2076 Iosephus
969 1993 1063 2058 filius
1074 1992 1199 2074 David,
1217 1994 1316 2057 cuius

130 2111 240 2172 sponsa
250 2099 350 2181 (erat)
361 2097 485 2180 Maria,
503 2098 571 2163 fuit
582 2099 624 2162 de
635 2097 730 2162 tribu
741 2097 841 2162 Iuda.
865 2098 912 2162 Et
929 2096 1071 2181 quidem
1081 2096 1196 2161 Maria
1207 2103 1317 2160 mater

132 2212 196 2260 nea
215 2200 351 2282 peperit
375 2220 428 2266 me
454 2184 670 2281 Bethleemi,
702 2200 739 2264 in
770 2199 940 2283 spelunca
969 2201 1125 2282 proxima
1151 2199 1312 2282 sepulcro

136 2293 244 2460 {achel
261 2304 379 2367 uxoris
396 2302 517 2369 Iacobi
535 2303 766 2386 patriarchae,
785 2324 874 2386 quae
892 2302 983 2387 (fuit)
1000 2310 1111 2368 mater
1120 2302 1263 2385 Iosepbi
1281 2308 1317 2367 et

162 2420 307 2470 enram1n.

589 2575 710 2642 Oanos
733 2576 836 2643 VIII.

205 2726 265 2794 Sed
292 2737 433 2798 satanas
461 2732 524 2796 ivit
548 2733 740 2815 retulitque
766 2732 855 2815 (hoc)
880 2730 1017 2796 Herodi
1042 2730 1190 2813 Magno,
1222 2733 1314 2812 patri

142 2817 287 2899 Archelai.
339 2835 508 2919 Idemque
534 2835 592 2899 hic
617 2835 779 2902 Herodes
805 2839 904 2919 (erat)
930 2835 990 2917 qui
1016 2834 1129 2917 capite
1155 2833 1313 2897 truncari

142 2923 221 2997 iussit
240 2937 432 3004 Iohannem
457 2941 606 3005 amicum
637 2945 672 3004 et
697 2944 883 3021 cognatum
909 2959 1034 3002 meum.
1079 2935 1234 3001 Proinde
1260 2956 1313 2999 me

144 3023 300 3118 diligenter
321 3044 544 3126 perquisivit,
569 3043 771 3107 existimans
794 3063 939 3125 regnum
961 3061 1075 3104 meum
1096 3039 1170 3104 fore
1188 3039 1230 3103 de
1248 3039 1314 3103 hoc

143 3141 251 3210 mundo,
301 3147 432 3214 Verum
458 3148 657 3213 admonitus
685 3152 738 3212 est
763 3146 840 3231 (hac
865 3145 907 3210 de
934 3150 982 3229 re)
1007 3143 1181 3227 Iosephus
1207 3163 1314 3206 senex

144 3229 186 3302 ille
199 3248 266 3326 pius
284 3272 347 3333 per
363 3253 546 3316 somnium.
582 3249 669 3314 Ideo
687 3270 834 3333 surgens
851 3249 988 3331 accepit
1003 3248 1153 3312 Mariam
1168 3253 1313 3311 matrem

144 3353 235 3430 neam,
254 3359 289 3418 et
305 3375 369 3436 ego
390 3355 426 3418 in
443 3354 555 3436 ipsius
573 3354 651 3417 sinu
669 3352 853 3436 (recubui);
876 3353 1036 3416 comitem
1054 3353 1158 3415 etiam
1175 3349 1313 3413 itineris

144 3435 207 3518 llsis
222 3473 252 3517 se
268 3456 432 3538 praebuit
447 3454 597 3522 Salome.
633 3454 821 3519 Profectus
839 3475 920 3537 ergo
939 3453 1039 3519 domo
1062 3455 1097 3517 in
1113 3451 1313 3535 Aegyptum

143 3556 267 3639 Becessit,
284 3560 570 3644 permansit(que)
588 3558 637 3622 ibi
654 3559 806 3639 spatium
822 3558 927 3621 unius
944 3558 1073 3640 integri
1090 3556 1184 3636 anni,
1202 3554 1313 3618 donec

140 3643 254 3723 lstnsiit
268 3662 399 3726 invidia
415 3662 581 3728 Herodis.

605 3848 726 3915 Oanur
749 3849 817 3914 IX.

208 3975 296 4050 Obiit
305 4008 384 4052 vero
397 3988 581 4072 (Herodes)
592 3989 744 4072 pessimo
756 3988 878 4053 mortis
895 4006 1034 4069 genere,
1051 4004 1200 4067 poenam
1211 3981 1312 4047 luens

143 4065 221 4175 effusi
234 4107 416 4169 puerorum
434 4093 627 4176 sanguinis,
645 4113 733 4175 quos
751 4091 896 4156 emedio
914 4091 1034 4173 inique
1052 4086 1197 4151 sustulit
1207 4105 1313 4168 quum

144 4176 209 4247 usis
223 4207 284 4256 non
300 4194 434 4259 inesset
450 4201 641 4277 peccatum.
676 4193 796 4277 Atque
815 4195 987 4259 exstincto
1004 4200 1150 4276 tyranno
1168 4190 1236 4252 isto
1253 4188 1314 4250 im·

144 4272 186 4347 ll0
195 4281 322 4361 Herode
342 4299 471 4364 reversi
486 4304 569 4364 sunt
578 4298 720 4382 (Ioseph
736 4304 771 4362 et
785 4304 896 4362 mater
911 4301 998 4380 mea)
1014 4297 1051 4360 in
1062 4301 1191 4359 terram
1201 4290 1313 4355 Israe-

144 4368 185 4455 ΗΒ,
199 4395 229 4453 tl
241 4394 441 4465 habitarunt
457 4402 493 4465 in
510 4400 596 4466 urbe
610 4400 791 4466 Galilaeae
809 4421 898 4483 quae
915 4398 1113 4483 appellatur
1122 4392 1311 4460 Nazareth.

144 4469 283 4572 1⁰⁸ephus
300 4509 416 4568 autem
427 4503 683 4587 professionem
693 4504 779 4568 artis
790 4503 961 4586 lignariae
972 4505 1137 4584 repetens
1148 4515 1312 4563 manuum
