2880 5062
219 1201 483 1277 HISTORIA
511 1204 730 1278 IOSEPHI
762 1201 931 1277 FABRI
965 1201 1232 1277 LIGNARII.

195 1445 233 1493 IN
258 1444 399 1493 NOMINE
423 1444 484 1493 DEI
510 1443 618 1494 UNIUS
643 1444 683 1493 lli
707 1443 775 1493 SUA
800 1440 971 1493 ESSENTIA
993 1442 1038 1492 m*
1061 1442 1161 1492 Tlllh'l
1186 1443 1223 1492 ln*
1246 1438 1330 1490 suls

229 1527 411 1579 PERSONIS.

194 1616 361 1666 HISTORIA
375 1615 508 1665 lllOR'l’lS
521 1615 646 1664 PATRIS
660 1613 790 1665 NOSTRI
805 1612 931 1664 SANCTI
951 1613 1052 1663 sums
1067 1613 1211 1664 lOSEPHI
1223 1612 1325 1662 rursm

228 1702 399 1753 LlGNARll.

192 1904 399 1961 Benedictiones
419 1908 476 1961 eius
495 1912 522 1961 et
540 1924 631 1979 preces
650 1912 756 1960 servent
774 1925 823 1960 nos
842 1924 949 1969 omnes,
974 1924 990 1959 o
1008 1904 1123 1969 fratres,
1147 1922 1232 1958 amen.

191 1990 258 2045 Fuit
276 1998 333 2046 tota
351 1991 438 2062 ipsius
454 1992 512 2046 rita
530 1995 640 2047 centum
658 1995 685 2045 et
702 1990 829 2046 undecim
848 2009 990 2053 annorum,
1009 1991 1180 2061 contigitque
1197 1989 1310 2058 migratio

124 2076 182 2131 eius
206 2094 237 2130 ex
255 2077 308 2130 hoc
326 2075 428 2131 mundo
447 2077 576 2133 vicesimo
594 2082 669 2131 sexto
687 2075 753 2144 (die)
772 2074 872 2131 mensis
890 2075 976 2139 Abib,
1001 2076 1049 2146 qui
1072 2074 1216 2146 respondet
1237 2073 1308 2128 mensi

123 2165 175 2216 Ab.
211 2162 306 2217 Oratio
327 2162 385 2217 eius
402 2167 490 2217 servet
508 2181 569 2225 nos,
594 2181 681 2216 amen.
717 2161 755 2216 Et
772 2160 883 2232 quidem
901 2160 1028 2216 dominns
1046 2165 1139 2216 noster
1156 2162 1229 2217 Iesus
1243 2157 1304 2214 cln-

124 2255 184 2303 stus
208 2247 251 2303 ille
274 2248 331 2319 ipse
355 2248 432 2315 (fuit)
457 2249 505 2319 qui
527 2248 623 2304 retulit
646 2249 716 2303 hano
739 2247 906 2314 (historiam)
931 2246 1070 2318 discipulis
1092 2248 1150 2302 suis
1173 2242 1301 2302 sanctisin

124 2340 216 2388 monte
239 2334 344 2396 oliveti,
369 2340 453 2404 atque
475 2352 582 2389 omnem
605 2334 725 2388 laborem
750 2334 806 2388 eius
826 2333 956 2404 (losephi)
975 2337 1002 2387 et
1026 2333 1132 2388 dierum
1156 2333 1235 2404 ipsius
1255 2346 1298 2383 oon·

124 2420 342 2475 summationem.
377 2419 503 2491 Apostoli
521 2423 613 2475 autem
633 2420 721 2474 sancti
739 2423 933 2474 conservarunt
951 2418 1024 2472 hunc
1042 2437 1191 2474 sermonem
1208 2420 1232 2472 et
1246 2414 1297 2468 litte

123 2506 161 2559 ris
179 2506 370 2576 consignatum
389 2506 555 2576 reliquerunt
577 2505 605 2560 in
624 2505 789 2560 bibliotheca
807 2503 1013 2575 Hierosolymis.
1050 2503 1146 2559 Oratio
1164 2520 1245 2559 eorum
1259 2513 1295 2550 ser·

123 2599 167 2646 vet
186 2610 243 2653 nos,
265 2591 380 2658 ameni)

639 2762 760 2830 (larun
783 2762 812 2826 Ι.

210 2916 369 3000 Contigit
391 2939 460 2982 una
483 2918 538 2983 die
557 2940 633 2983 cum
656 2918 808 2983 salrator·
827 2918 995 3000 magister
1011 2916 1098 2980 deus
1120 2921 1155 2980 et
1176 2911 1293 2979 salvator

124 3027 244 3086 noster
264 3021 368 3086 Iesus
391 3019 553 3087 Christ-us
577 3020 716 3086 sederet
741 3042 811 3085 uns
832 3042 909 3084 oum
931 3021 1003 3084 suis
1025 3017 1218 3101 discipulis,
1236 3025 1292 3073 oon·

123 3126 329 3209 gregatique
351 3126 387 3189 iu
404 3131 520 3190 monte
539 3125 658 3190 oliveti
675 3145 795 3189 omnes
813 3128 944 3205 essent,
967 3129 1006 3188 ut
1026 3123 1160 3188 diceret
1175 3117 1248 3184 illis:
1271 3100 1291 3167 0

123 3228 249 3294 fratres
267 3235 303 3294 et
318 3230 421 3294 amici
438 3229 516 3311 mei,
539 3228 603 3293 filii
619 3228 729 3311 patris
747 3227 883 3311 quivos
901 3226 1009 3309 clegit
1028 3226 1070 3291 de
1089 3222 1237 3291 omnibus
1252 3211 1293 3275 ht

121 3331 285 3397 minibus.
324 3330 431 3397 Scit-is
449 3353 502 3396 me
518 3331 615 3396 vobis
633 3330 774 3413 saepius
791 3328 955 3395 retulisse
973 3328 1068 3412 quod
1091 3325 1293 3412 oporteatne

122 3435 279 3518 crucifigi
302 3441 337 3500 et
357 3436 445 3500 mori
461 3440 606 3518 propter
625 3433 775 3499 salutem
790 3431 920 3497 Adsmi
942 3437 977 3496 et
998 3430 1212 3514 posteritatis
1231 3420 1294 3486 eius,

123 3538 262 3620 etquod
275 3560 414 3621 surgam
426 3539 467 3603 de
479 3538 637 3603 mortuis.
663 3535 885 3602 Committnm
897 3541 1012 3600 autem
1023 3533 1122 3599 vobis
1134 3527 1296 3598 doctrinam

122 3640 293 3723 evangelii
312 3641 424 3705 sancti
442 3640 621 3723 (vobisque
639 3644 755 3725 antea)
773 3639 936 3718 nuntiati,
954 3644 994 3702 ut
1008 3636 1216 3721 praedicetis
1230 3609 1298 3692 illud

121 3763 184 3825 per
206 3764 341 3807 omnem
362 3742 540 3808 mundum.
570 3743 619 3808 Et
640 3742 784 3806 induam
800 3764 859 3807 vos
875 3742 1003 3805 virtute
1027 3741 1070 3805 de
1093 3740 1179 3820 ulto,
1202 3752 1237 3801 ac
1251 3723 1301 3787 lm·

122 3844 226 3926 plebo
244 3867 303 3910 ros
321 3846 447 3927 spiritu
466 3852 597 3911 sancto.
622 3843 893 3910 Adnuntiabitis
909 3863 990 3908 vero
1009 3844 1146 3908 cunctis
1163 3826 1304 3926 gentibus

122 3949 376 4030 paenitentiam
392 3955 428 4013 et
438 3950 679 4015 remissionem
690 3954 924 4033 peccatorum.
947 3945 1038 4011 Num
1049 3945 1198 4029 scyphus
1213 3932 1309 4018 aquae

124 4089 213 4097 ——--
220 4090 272 4095 -..
307 4090 336 4095 ...-

190 4157 218 4220 1)
238 4156 339 4221 Coptus
350 4159 402 4206 sic:
421 4158 473 4207 Die
482 4158 586 4207 XXVI.
597 4159 681 4222 Epep.
700 4156 754 4206 Hic
762 4161 801 4206 est
810 4158 893 4205 eritas
902 4173 915 4206 e
925 4171 1032 4220 corpore
1037 4156 1127 4220 patris
1137 4154 1216 4204 nostri
1225 4119 1322 4225 IOWPM

113 4244 193 4309 fabri
206 4244 314 4308 lignarii
328 4243 417 4307 patris
430 4243 525 4292 Christi
542 4245 676 4293 secundam
689 4259 800 4300 comm,
813 4244 857 4307 qui
868 4246 945 4291 natus
956 4246 1014 4291 erat
1026 4258 1152 4291 onaonm
1166 4238 1233 4288 CXI.
1257 4217 1329 4273 ΜΓ

122 4331 191 4379 ravit
205 4330 323 4379 salvator
339 4333 426 4378 noster
443 4346 536 4378 omnem
553 4331 632 4379 vitam
649 4331 703 4379 eius
715 4329 841 4394 apostolis
859 4329 885 4376 ia
897 4332 979 4376 monte
991 4327 1099 4385 olineto,
1118 4324 1228 4392 apostoli
1245 4297 1331 4381 μω

119 4419 279 4482 eriperent
294 4431 349 4464 eom
366 4419 391 4464 et
406 4414 548 4465 intulerunt
560 4417 724 4466 bibliothecae
736 4432 801 4479 quae
815 4413 999 4479 Hierosolymis
1017 4417 1063 4461 est.
1094 4413 1185 4462 Etiam
1197 4396 1266 4476 qaod
1319 4386 1331 4418 ν

120 4521 168 4568 pso
180 4508 284 4553 sanctas
294 4517 370 4552 senes
382 4502 497 4565 deposuit
510 4503 665 4567 corpssfro't
676 4501 781 4550 XXVI.
795 4501 885 4549 mmsis
899 4499 979 4562 Epep.
1004 4498 1036 4546 Is
1046 4514 1113 4562 pace
1125 4498 1177 4557 dei,
1189 4499 1282 4546 am·
