2880 5062
118 338 181 399 426
312 388 314 392 ,
471 339 600 388 Evina.
620 339 797 390 nrconrnss
821 339 908 390 Pras
926 338 966 391 11.

120 496 334 572 cumstantcs‚
365 489 477 555 audite
504 513 593 556 meas
620 491 810 556 sententiae.
854 491 896 556 In
918 491 1019 557 terris
1041 513 1120 557 cum
1143 512 1255 571 essem,
1276 502 1299 556 et

119 595 258 660 docente
281 617 333 659 me
356 595 475 678 spiritu
499 601 628 675 sancto,
655 595 690 661 in
712 595 890 678 prophetia
911 595 951 660 de
975 595 1041 662 hoc
1065 595 1174 660 cecini
1200 595 1301 660 lumine

119 700 199 783 quia
229 701 373 783 populus
401 701 458 784 qui
491 700 628 766 sedebat
658 700 692 764 in
724 699 873 765 tenebris
899 701 984 765 vidit
1013 699 1130 766 lumen
1162 722 1302 784 magnum
1339 726 1341 763 ι

119 802 348 867 habitantibus
376 803 411 867 in
440 803 578 888 regione
606 801 752 869 umbrae
770 803 889 869 mortis
912 801 969 866 lux
992 808 1070 868 orta
1090 809 1146 866 est
1167 802 1223 867 eis.
1261 804 1303 869 Ad

119 905 212 970 cuius
243 928 359 972 vocem
390 912 485 990 pater
515 906 626 972 Adam
661 912 695 971 et
730 928 844 972 omnes
881 906 1033 971 conversi
1070 905 1304 989 interrogabunt

119 1031 207 1073 eum:
235 1008 287 1075 Tu
310 1011 383 1094 quis
406 1012 463 1076 es?
487 1011 567 1093 quia
587 1031 665 1075 uera
687 1014 765 1075 sunt
787 1030 872 1093 quae
894 1007 1052 1092 loqueris.
1097 1008 1152 1075 At
1173 1008 1227 1074 illc
1247 1008 1305 1074 sub

118 1115 259 1197 iungens
283 1118 330 1181 ait
352 1117 459 1182 Isaias
483 1139 543 1200 ego
568 1139 638 1181 sum
662 1117 804 1183 nomine.

206 1236 327 1301 2Τιιιιο
349 1238 504 1320 apparuit
527 1237 612 1301 alius
639 1236 733 1301 iuxta
759 1258 833 1300 eum
856 1236 951 1319 (laesi
981 1235 1172 1301 eremicola
1216 1235 1304 1320 Quen

119 1338 363 1420 interrogantes
390 1338 560 1402 dixerunt:
593 1336 644 1402 Tu
671 1339 746 1421 quis
774 1359 824 1418 ee,
856 1338 913 1421 qui
941 1337 1023 1402 talia
1050 1344 1166 1421 gestas
1191 1337 1225 1401 in
1250 1358 1305 1402 cor·

118 1442 225 1524 pore?
262 1443 313 1506 At
339 1441 395 1506 ille
424 1448 615 1507 constanter
646 1442 834 1525 respondit:
866 1443 940 1525 Ego
969 1463 1043 1506 sum
1069 1441 1239 1506 Iohannes
1262 1440 1304 1505 br·

119 1547 235 1629 pasta,
266 1568 330 1611 vox
363 1553 397 1610 et
426 1546 590 1629 propheta
620 1545 782 1611 altissimi.
832 1547 906 1628 Ego
938 1545 1064 1628 praeivi
1096 1552 1176 1610 ante
1206 1545 1304 1610 facien

119 1648 245 1713 domini
275 1648 422 1713 eiusdem
454 1653 491 1712 ut
517 1647 648 1713 deserta
679 1653 714 1713 et
744 1670 862 1731 aspera
889 1648 923 1712 in
946 1648 1017 1712 vias
1043 1647 1163 1730 planas
1190 1669 1303 1732 perage·

120 1773 198 1816 rem.
245 1751 319 1833 Ego
352 1773 472 1834 agnum
501 1752 628 1816 domini
659 1757 693 1817 et
720 1751 774 1816 dei
805 1751 907 1817 tilium
940 1751 1190 1836 lerosolymitis
1217 1751 1303 1835 digito

120 1880 193 1922 meo
218 1856 348 1922 ostendi
372 1863 405 1920 et
428 1857 614 1923 clarificavi.
658 1858 732 1942 Ego
755 1858 922 1941 baptizavi
945 1879 1020 1922 eum
1043 1857 1078 1922 in
1098 1857 1241 1924 Iordane
1259 1856 1304 1922 llu-

120 1963 218 2027 mine.
262 1962 337 2044 Ego
361 1983 475 2026 vocem
503 1963 609 2045 patris
632 1962 671 2028 de
701 1964 792 2029 caelo
817 1984 1012 2047 supereum
1036 1963 1243 2029 intonantem
1261 1985 1303 2027 an·

119 2067 186 2132 divi
220 2072 254 2130 et
285 2065 543 2148 proclamantem
575 2066 643 2132 Hic
676 2073 727 2132 est
756 2066 843 2132 filius
873 2088 967 2132 meus
998 2066 1157 2149 dilectus,
1192 2068 1225 2132 in
1251 2088 1302 2151 qno

119 2169 201 2234 mihi
223 2168 308 2233 bene
331 2166 541 2251 complacuit.
584 2169 659 2253 Ego
684 2169 725 2234 ab
749 2192 788 2236 eo
812 2191 1006 2254 responsum
1028 2169 1145 2253 accepi
1159 2170 1303 2254 quiaipse

120 2273 340 2338 descensurus
363 2279 450 2337 esset
471 2273 512 2338 ad
534 2274 669 2340 inferos.

205 2392 300 2457 Tunc
337 2399 431 2476 pater
467 2393 583 2478 Adam
615 2382 753 2460 audieris
789 2394 855 2458 ista
892 2393 1047 2459 clamavit
1082 2415 1165 2460 voce
1205 2413 1302 2476 magna

120 2498 268 2563 Alleluia
291 2499 538 2582 conclamitans,
562 2500 652 2584 quod
675 2499 929 2582 interpretatur:
961 2498 1132 2564 Dominus
1155 2498 1241 2564 uenit
1257 2518 1302 2580 pa

121 2623 239 2667 omma.

121 2901 147 2964 (c
166 2901 217 2950 edd
238 2901 264 2948 ia
283 2900 400 2963 corpore)
420 2903 444 2946 et
464 2934 493 2947 ..
514 2911 530 2947 a
549 2914 590 2947 om
609 2904 634 2947 et
657 2900 662 2962 Ι
687 2910 764 2949 Boin
783 2901 810 2946 in
824 2899 964 2962 prophetia
987 2901 991 2955 Ι
1016 2899 1077 2961 qaia
1097 2897 1126 2959 (n
1145 2898 1198 2960 om)
1211 2894 1299 2961 populu

120 3013 129 3022 ·
149 2987 231 3034 tannen
249 3002 332 3048 mayn.
352 2986 377 3044 (c
397 2985 476 3033 lacem
494 2983 637 3046 mopiam),
660 2985 811 3033 latitantia.
831 2984 859 3044 (B
878 2981 1055 3043 ambulantia)
1074 3009 1084 3018 -
1103 2988 1142 3032 est
1159 2986 1196 3032 eie
1211 2998 1260 3032 oum
1274 2991 1297 3029 Bc
1339 2998 1341 3027 ι

121 3109 150 3121 ..
176 3073 272 3136 aquia
295 3088 356 3134 pop.
376 3072 419 3135 qai
442 3071 589 3119 ambulabat
607 3072 633 3119 in
652 3076 701 3119 terr.
720 3072 765 3119 lar
783 3074 897 3120 artaret
914 3071 965 3127 eia,
993 3075 1049 3118 tum
1075 3071 1167 3135 pergit
1190 3069 1296 3130 hisquae

120 3156 212 3204 andern
233 3155 344 3205 reddit
368 3159 393 3203 et
414 3156 441 3202 ia
459 3154 561 3217 capione
578 3155 668 3202 mortis
684 3154 853 3202 habitantium
878 3152 1074 3216 (eiectatque)
1098 3153 1184 3201 videat
1205 3152 1229 3212 (c
1247 3148 1296 3197 aa·

120 3241 191 3302 rant)
208 3240 321 3303 gloriam
339 3241 381 3288 dei
400 3240 562 3302 perlucidam
582 3239 587 3300 Ι
609 3241 722 3289 conversi
742 3275 771 3289 ..
792 3239 908 3301 cauata
923 3241 927 3297 Ι
942 3238 1002 3303 qaia
1020 3236 1048 3298 (c
1067 3235 1122 3298 om)
1141 3254 1201 3286 aera
1216 3237 1265 3284 mi
1277 3231 1296 3293 (s

120 3327 172 3376 add
192 3325 252 3387 ista)
275 3342 415 3390 quaecum
436 3341 468 3376 ar
489 3361 517 3374 ..
539 3339 555 3375 B
574 3326 617 3389 qai

205 3433 230 3479 2.
269 3429 310 3478 cf.
331 3427 356 3479 A
374 3428 410 3485 ΙΙ,
430 3433 454 3476 3.
485 3443 501 3479 Α
521 3429 623 3492 peritiam
641 3428 721 3486 aliua,
745 3428 850 3477 omissis
869 3428 941 3476 irata
959 3443 1013 3475 eaor
1033 3425 1038 3489 Ι
1059 3442 1076 3479 A
1097 3444 1138 3476 om
1158 3419 1295 3489 baptistalt

119 3520 178 3563 ante
188 3517 248 3579 sao.
270 3514 349 3564 elaad.
368 3514 434 3564 dom.
455 3515 480 3561 in
498 3515 598 3562 deserto
617 3530 710 3576 aspera
727 3515 784 3562 aior
798 3514 895 3577 planas
910 3529 1034 3575 perapere
1049 3511 1054 3573 l
1070 3529 1130 3576 ayn.
1150 3509 1295 3561 dominicum

119 3617 152 3654 nc
173 3638 202 3651 ..
222 3615 239 3652 Β
259 3619 317 3666 apa.
338 3603 380 3650 dei
401 3604 404 3654 l
425 3614 460 3652 AB
479 3602 637 3650 Ieraaolr'anic
657 3603 661 3657 Ι
683 3604 707 3649 et
726 3600 870 3665 clarificavi
894 3617 951 3649 cum
970 3615 986 3650 a
1008 3635 1037 3649 ..
1058 3611 1075 3649 Β
1094 3615 1136 3649 om
1156 3632 1184 3646 ..
1202 3595 1297 3648 celiam

119 3689 188 3736 Eece
206 3704 286 3750 aynae
304 3689 354 3744 dei,
373 3705 429 3736 erce
447 3689 490 3751 qui
508 3687 579 3735 tollit
592 3691 702 3751 pearata
719 3686 813 3735 mandi.
848 3686 885 3734 Ta
902 3702 918 3732 a
936 3701 973 3734 me
991 3686 1061 3734 aenis
1079 3684 1213 3748 baptizari,
1227 3684 1250 3730 et
1262 3693 1296 3741 eso

120 3791 137 3822 a
154 3779 179 3821 te
196 3776 271 3824 debeo
291 3775 426 3838 baptizari.
463 3775 528 3823 'lum
551 3774 622 3824 idem
646 3774 735 3838 pergit
758 3774 796 3821 Et
818 3775 876 3821 dam
899 3773 1056 3837 baptizarem
1078 3789 1134 3821 eam
1157 3772 1183 3819 iu
1199 3769 1296 3819 lordm.

120 3860 208 3907 audiat
226 3876 308 3908 vorem
326 3861 357 3907 cte
376 3859 447 3908 caclo
465 3875 614 3923 supeream
633 3859 787 3908 intonantem
807 3858 860 3906 Hic
877 3861 915 3906 ert
934 3863 986 3906 etc.
1003 3859 1008 3916 Ι
1027 3869 1044 3906 Β
1063 3855 1204 3919 comptae-i

209 3963 276 4011 Tam·
295 3967 371 4026 pater
389 3964 474 4012 Adam
493 3967 536 4012 etc
556 3998 562 4012 .
582 3998 589 4011 .
609 3976 624 4014 c
644 3963 696 4012 sio:
724 3961 792 4010 Tuae
810 3978 855 4024 pa.
877 3962 926 4010 Aa.
945 3977 999 4008 cum
1018 3959 1083 4009 aliis
1101 3954 1296 4022 iuterroaaaeml

119 4063 173 4094 erim
200 4046 234 4093 rb
254 4047 310 4109 qais
331 4065 369 4104 aa,
395 4047 438 4111 qai
462 4047 529 4094 talia
552 4047 628 4110 eqirti
650 4047 677 4094 ia
702 4047 825 4108 corpore?
859 4047 896 4093 At
919 4045 964 4093 illc
984 4046 1111 4095 lateam
1128 4044 1234 4105 baptista
1248 4053 1295 4087 m·

121 4134 229 4196 Canaque
247 4134 359 4182 arirlirrit
375 4139 451 4196 paler
470 4138 555 4183 notter
574 4135 666 4194 Adam,
690 4151 747 4182 occe
764 4150 857 4197 itaqua
875 4132 996 4180 clamarit
1015 4131 1142 4191 Alleluia,
1161 4127 1295 4195 quatiatur·

117 4224 238 4283 pretatur
256 4221 327 4269 Deua
343 4223 418 4272 venit.
