<?xml version="1.0" encoding="UTF-8"?>
<!DOCTYPE html PUBLIC "-//W3C//DTD XHTML 1.0 Transitional//EN"
    "http://www.w3.org/TR/xhtml1/DTD/xhtml1-transitional.dtd">
<html xmlns="http://www.w3.org/1999/xhtml" xml:lang="en" lang="en">
 <head>
  <title>
</title>
<meta http-equiv="Content-Type" content="text/html;charset=utf-8" />
  <meta name='ocr-system' content='tesseract 3.04.00' />
  <meta name='ocr-capabilities' content='ocr_page ocr_carea ocr_par ocr_line ocrx_word'/>
</head>
<body>
  <div class='ocr_page' id='page_1' title='image "./evangeliaapocry01tiscgoog_0233.png"; bbox 0 0 2880 5062; ppageno 0'>
   <div class='ocr_carea' id='block_1_1' title="bbox 126 359 1001 424">
    <p class='ocr_par' dir='ltr' id='par_1_1' title="bbox 126 359 1001 424">
     <span class='ocr_line' id='line_1_1' title="bbox 126 359 1001 424; baseline -0.007 -2"><span class='ocrx_word' id='word_1_1' title='bbox 126 359 188 424; x_wconf 80' lang='lat'>130</span> <span class='ocrx_word' id='word_1_2' title='bbox 444 366 612 416; x_wconf 79' lang='lat' dir='ltr'>ursroam</span> <span class='ocrx_word' id='word_1_3' title='bbox 631 364 784 416; x_wconf 85' lang='lat' dir='ltr'>1osnru1.</span> <span class='ocrx_word' id='word_1_4' title='bbox 809 363 883 414; x_wconf 73' lang='lat' dir='ltr'>car.</span> <span class='ocrx_word' id='word_1_5' title='bbox 902 364 1001 416; x_wconf 82' lang='lat' dir='ltr'>xv111.</span> 
     </span>
    </p>
   </div>
   <div class='ocr_carea' id='block_1_2' title="bbox 119 491 1218 3386">
    <p class='ocr_par' dir='ltr' id='par_1_2' title="bbox 119 491 1218 3386">
     <span class='ocr_line' id='line_1_2' title="bbox 123 491 1207 599; baseline 0.002 -25"><span class='ocrx_word' id='word_1_6' title='bbox 123 511 297 595; x_wconf 81' lang='lat' dir='ltr'>Equidem</span> <span class='ocrx_word' id='word_1_7' title='bbox 319 514 419 580; x_wconf 92' lang='lat' dir='ltr'>dolor</span> <span class='ocrx_word' id='word_1_8' title='bbox 439 522 621 599; x_wconf 89' lang='lat' dir='ltr'>metusque</span> <span class='ocrx_word' id='word_1_9' title='bbox 643 517 764 581; x_wconf 90' lang='lat' dir='ltr'>mortis</span> <span class='ocrx_word' id='word_1_10' title='bbox 790 517 858 582; x_wconf 90' lang='lat' dir='ltr'>iam</span> <span class='ocrx_word' id='word_1_11' title='bbox 881 491 1142 580; x_wconf 76' lang='lat' dir='ltr'>circumdedere</span> <span class='ocrx_word' id='word_1_12' title='bbox 1162 533 1207 577; x_wconf 89' lang='lat' dir='ltr'>me</span> 
     </span>
     <span class='ocr_line' id='line_1_3' title="bbox 124 613 1206 702; baseline 0.002 -24"><span class='ocrx_word' id='word_1_13' title='bbox 124 616 242 680; x_wconf 85' lang='lat' dir='ltr'>statim</span> <span class='ocrx_word' id='word_1_14' title='bbox 262 638 301 681; x_wconf 92' lang='lat' dir='ltr'>ac</span> <span class='ocrx_word' id='word_1_15' title='bbox 323 617 440 682; x_wconf 81' lang='lat' dir='ltr'>audivi</span> <span class='ocrx_word' id='word_1_16' title='bbox 461 640 578 684; x_wconf 87' lang='lat' dir='ltr'>vocem</span> <span class='ocrx_word' id='word_1_17' title='bbox 599 627 710 701; x_wconf 89' lang='lat' dir='ltr'>tuam,</span> <span class='ocrx_word' id='word_1_18' title='bbox 732 619 905 702; x_wconf 81' lang='lat' dir='ltr'>requievit</span> <span class='ocrx_word' id='word_1_19' title='bbox 926 619 1042 683; x_wconf 90' lang='lat' dir='ltr'>anima</span> <span class='ocrx_word' id='word_1_20' title='bbox 1062 637 1148 681; x_wconf 89' lang='lat' dir='ltr'>mea.</span> <span class='ocrx_word' id='word_1_21' title='bbox 1181 613 1206 680; x_wconf 92' lang='lat'>0</span> 
     </span>
     <span class='ocr_line' id='line_1_4' title="bbox 123 717 1215 805; baseline 0 -22"><span class='ocrx_word' id='word_1_22' title='bbox 123 717 320 801; x_wconf 87' lang='lat' dir='ltr'>Nazarene‚</span> <span class='ocrx_word' id='word_1_23' title='bbox 346 719 429 785; x_wconf 90' lang='lat' dir='ltr'>Iesu</span> <span class='ocrx_word' id='word_1_24' title='bbox 452 723 642 805; x_wconf 81' lang='lat' dir='ltr'>sospitator</span> <span class='ocrx_word' id='word_1_25' title='bbox 662 724 723 804; x_wconf 93' lang='lat' dir='ltr'>mi,</span> <span class='ocrx_word' id='word_1_26' title='bbox 751 722 835 787; x_wconf 88' lang='lat' dir='ltr'>Iesu</span> <span class='ocrx_word' id='word_1_27' title='bbox 861 722 1031 786; x_wconf 91' lang='lat' dir='ltr'>liberator</span> <span class='ocrx_word' id='word_1_28' title='bbox 1056 720 1215 785; x_wconf 78' lang='lat' dir='ltr'>animaei</span> 
     </span>
     <span class='ocr_line' id='line_1_5' title="bbox 122 822 1215 908; baseline 0 -22"><span class='ocrx_word' id='word_1_29' title='bbox 122 822 205 887; x_wconf 89' lang='lat' dir='ltr'>Iesu</span> <span class='ocrx_word' id='word_1_30' title='bbox 227 830 406 906; x_wconf 91' lang='lat' dir='ltr'>protector</span> <span class='ocrx_word' id='word_1_31' title='bbox 426 825 482 889; x_wconf 91' lang='lat' dir='ltr'>mi.</span> <span class='ocrx_word' id='word_1_32' title='bbox 529 825 626 908; x_wconf 90' lang='lat' dir='ltr'>Iesu,</span> <span class='ocrx_word' id='word_1_33' title='bbox 654 849 672 891; x_wconf 93' lang='lat' dir='ltr'>o</span> <span class='ocrx_word' id='word_1_34' title='bbox 696 827 938 891; x_wconf 89' lang='lat' dir='ltr'>suavissimum</span> <span class='ocrx_word' id='word_1_35' title='bbox 960 845 1085 889; x_wconf 88' lang='lat' dir='ltr'>nomen</span> <span class='ocrx_word' id='word_1_36' title='bbox 1109 824 1215 888; x_wconf 88' lang='lat' dir='ltr'>inore</span> 
     </span>
     <span class='ocr_line' id='line_1_6' title="bbox 123 926 1207 1011; baseline 0 -22"><span class='ocrx_word' id='word_1_37' title='bbox 123 927 345 1010; x_wconf 90' lang='lat' dir='ltr'>omniumque</span> <span class='ocrx_word' id='word_1_38' title='bbox 368 929 558 993; x_wconf 88' lang='lat' dir='ltr'>amantium</span> <span class='ocrx_word' id='word_1_39' title='bbox 579 929 678 993; x_wconf 93' lang='lat' dir='ltr'>illud.</span> <span class='ocrx_word' id='word_1_40' title='bbox 728 927 838 994; x_wconf 89' lang='lat' dir='ltr'>Ocule</span> <span class='ocrx_word' id='word_1_41' title='bbox 863 929 923 1011; x_wconf 93' lang='lat' dir='ltr'>qui</span> <span class='ocrx_word' id='word_1_42' title='bbox 943 927 1039 992; x_wconf 90' lang='lat' dir='ltr'>vides</span> <span class='ocrx_word' id='word_1_43' title='bbox 1062 932 1097 991; x_wconf 93' lang='lat' dir='ltr'>et</span> <span class='ocrx_word' id='word_1_44' title='bbox 1119 926 1207 990; x_wconf 85' lang='lat' dir='ltr'>auris</span> 
     </span>
     <span class='ocr_line' id='line_1_7' title="bbox 122 1029 1204 1116; baseline -0.001 -23"><span class='ocrx_word' id='word_1_45' title='bbox 122 1030 237 1112; x_wconf 87' lang='lat' dir='ltr'>audis,</span> <span class='ocrx_word' id='word_1_46' title='bbox 260 1030 465 1096; x_wconf 86' lang='lat' dir='ltr'>exaudime.</span> <span class='ocrx_word' id='word_1_47' title='bbox 497 1033 573 1116; x_wconf 84' lang='lat' dir='ltr'>Ego</span> <span class='ocrx_word' id='word_1_48' title='bbox 592 1053 710 1097; x_wconf 88' lang='lat' dir='ltr'>servus</span> <span class='ocrx_word' id='word_1_49' title='bbox 727 1039 808 1097; x_wconf 89' lang='lat' dir='ltr'>tuus</span> <span class='ocrx_word' id='word_1_50' title='bbox 830 1030 934 1096; x_wconf 90' lang='lat' dir='ltr'>bodie</span> <span class='ocrx_word' id='word_1_51' title='bbox 956 1029 1150 1095; x_wconf 89' lang='lat' dir='ltr'>humillime</span> <span class='ocrx_word' id='word_1_52' title='bbox 1173 1038 1204 1092; x_wconf 87' lang='lat' dir='ltr'>te</span> 
     </span>
     <span class='ocr_line' id='line_1_8' title="bbox 121 1132 1213 1215; baseline 0 -19"><span class='ocrx_word' id='word_1_53' title='bbox 121 1153 193 1215; x_wconf 90' lang='lat' dir='ltr'>ror,</span> <span class='ocrx_word' id='word_1_54' title='bbox 215 1140 250 1199; x_wconf 92' lang='lat' dir='ltr'>et</span> <span class='ocrx_word' id='word_1_55' title='bbox 270 1155 385 1199; x_wconf 90' lang='lat' dir='ltr'>coram</span> <span class='ocrx_word' id='word_1_56' title='bbox 409 1140 442 1199; x_wconf 91' lang='lat' dir='ltr'>te</span> <span class='ocrx_word' id='word_1_57' title='bbox 465 1135 626 1200; x_wconf 81' lang='lat' dir='ltr'>lacrimas</span> <span class='ocrx_word' id='word_1_58' title='bbox 644 1156 737 1200; x_wconf 87' lang='lat' dir='ltr'>meas</span> <span class='ocrx_word' id='word_1_59' title='bbox 756 1134 906 1200; x_wconf 84' lang='lat' dir='ltr'>effundo.</span> <span class='ocrx_word' id='word_1_60' title='bbox 938 1133 990 1198; x_wconf 77' lang='lat' dir='ltr'>ru</span> <span class='ocrx_word' id='word_1_61' title='bbox 1015 1154 1051 1198; x_wconf 86' lang='lat' dir='ltr'>es</span> <span class='ocrx_word' id='word_1_62' title='bbox 1077 1132 1213 1197; x_wconf 92' lang='lat' dir='ltr'>omnino</span> 
     </span>
     <span class='ocr_line' id='line_1_9' title="bbox 121 1237 1213 1323; baseline 0 -23"><span class='ocrx_word' id='word_1_63' title='bbox 121 1237 1213 1323; x_wconf 72' lang='lat' dir='ltr'>meus,quemadmodummihisaepissimeretulitangeluaprae</span> 
     </span>
     <span class='ocr_line' id='line_1_10' title="bbox 122 1338 1216 1426; baseline -0.002 -22"><span class='ocrx_word' id='word_1_64' title='bbox 122 1345 237 1405; x_wconf 89' lang='lat' dir='ltr'>autem</span> <span class='ocrx_word' id='word_1_65' title='bbox 263 1363 303 1407; x_wconf 90' lang='lat' dir='ltr'>eo</span> <span class='ocrx_word' id='word_1_66' title='bbox 321 1342 377 1407; x_wconf 92' lang='lat' dir='ltr'>die</span> <span class='ocrx_word' id='word_1_67' title='bbox 396 1364 463 1426; x_wconf 90' lang='lat' dir='ltr'>quo</span> <span class='ocrx_word' id='word_1_68' title='bbox 484 1342 665 1408; x_wconf 83' lang='lat' dir='ltr'>fluctuavit</span> <span class='ocrx_word' id='word_1_69' title='bbox 686 1343 822 1408; x_wconf 89' lang='lat' dir='ltr'>animus</span> <span class='ocrx_word' id='word_1_70' title='bbox 842 1363 938 1406; x_wconf 90' lang='lat' dir='ltr'>meus</span> <span class='ocrx_word' id='word_1_71' title='bbox 957 1338 1216 1423; x_wconf 73' lang='lat' dir='ltr'>cogitationibui</span> 
     </span>
     <span class='ocr_line' id='line_1_11' title="bbox 120 1444 1216 1531; baseline -0.001 -25"><span class='ocrx_word' id='word_1_72' title='bbox 120 1445 229 1509; x_wconf 83' lang='lat' dir='ltr'>versis</span> <span class='ocrx_word' id='word_1_73' title='bbox 251 1444 294 1509; x_wconf 94' lang='lat' dir='ltr'>ob</span> <span class='ocrx_word' id='word_1_74' title='bbox 315 1467 437 1529; x_wconf 91' lang='lat' dir='ltr'>puram</span> <span class='ocrx_word' id='word_1_75' title='bbox 454 1450 512 1531; x_wconf 89' lang='lat' dir='ltr'>(et)</span> <span class='ocrx_word' id='word_1_76' title='bbox 529 1446 752 1512; x_wconf 80' lang='lat' dir='ltr'>benedictam</span> <span class='ocrx_word' id='word_1_77' title='bbox 770 1445 919 1510; x_wconf 89' lang='lat' dir='ltr'>Mariam</span> <span class='ocrx_word' id='word_1_78' title='bbox 941 1445 976 1507; x_wconf 94' lang='lat' dir='ltr'>in</span> <span class='ocrx_word' id='word_1_79' title='bbox 998 1449 1099 1508; x_wconf 89' lang='lat' dir='ltr'>utero</span> <span class='ocrx_word' id='word_1_80' title='bbox 1118 1449 1216 1526; x_wconf 82' lang='lat' dir='ltr'>gesta:</span> 
     </span>
     <span class='ocr_line' id='line_1_12' title="bbox 121 1546 1214 1639; baseline -0.003 -27"><span class='ocrx_word' id='word_1_81' title='bbox 121 1567 293 1632; x_wconf 89' lang='lat' dir='ltr'>quamque</span> <span class='ocrx_word' id='word_1_82' title='bbox 318 1571 381 1634; x_wconf 81' lang='lat' dir='ltr'>ego</span> <span class='ocrx_word' id='word_1_83' title='bbox 405 1556 539 1616; x_wconf 90' lang='lat' dir='ltr'>secreto</span> <span class='ocrx_word' id='word_1_84' title='bbox 561 1551 737 1615; x_wconf 75' lang='lat' dir='ltr'>dimittere</span> <span class='ocrx_word' id='word_1_85' title='bbox 761 1548 966 1632; x_wconf 84' lang='lat' dir='ltr'>cogitabam.</span> <span class='ocrx_word' id='word_1_86' title='bbox 1012 1546 1114 1639; x_wconf 81' lang='lat' dir='ltr'>Haeo</span> <span class='ocrx_word' id='word_1_87' title='bbox 1137 1566 1214 1610; x_wconf 85' lang='lat' dir='ltr'>vero</span> 
     </span>
     <span class='ocr_line' id='line_1_13' title="bbox 120 1648 1206 1737; baseline -0.002 -22"><span class='ocrx_word' id='word_1_88' title='bbox 120 1650 305 1718; x_wconf 83' lang='lat' dir='ltr'>meditanti</span> <span class='ocrx_word' id='word_1_89' title='bbox 334 1675 414 1719; x_wconf 89' lang='lat' dir='ltr'>ecce</span> <span class='ocrx_word' id='word_1_90' title='bbox 446 1675 640 1737; x_wconf 89' lang='lat' dir='ltr'>apparuere</span> <span class='ocrx_word' id='word_1_91' title='bbox 666 1675 729 1737; x_wconf 90' lang='lat' dir='ltr'>per</span> <span class='ocrx_word' id='word_1_92' title='bbox 754 1653 908 1736; x_wconf 88' lang='lat' dir='ltr'>quietem</span> <span class='ocrx_word' id='word_1_93' title='bbox 932 1648 1049 1734; x_wconf 86' lang='lat' dir='ltr'>angeli</span> <span class='ocrx_word' id='word_1_94' title='bbox 1075 1649 1206 1714; x_wconf 92' lang='lat' dir='ltr'>domini</span> 
     </span>
     <span class='ocr_line' id='line_1_14' title="bbox 120 1752 1216 1839; baseline -0.003 -20"><span class='ocrx_word' id='word_1_95' title='bbox 120 1756 284 1837; x_wconf 88' lang='lat' dir='ltr'>mysterio</span> <span class='ocrx_word' id='word_1_96' title='bbox 301 1755 458 1823; x_wconf 89' lang='lat' dir='ltr'>dicentes</span> <span class='ocrx_word' id='word_1_97' title='bbox 475 1756 578 1821; x_wconf 91' lang='lat' dir='ltr'>mihi:</span> <span class='ocrx_word' id='word_1_98' title='bbox 611 1755 640 1822; x_wconf 94' lang='lat'>0</span> <span class='ocrx_word' id='word_1_99' title='bbox 657 1755 808 1839; x_wconf 91' lang='lat' dir='ltr'>Iosephe</span> <span class='ocrx_word' id='word_1_100' title='bbox 825 1754 876 1818; x_wconf 91' lang='lat' dir='ltr'>fili</span> <span class='ocrx_word' id='word_1_101' title='bbox 891 1752 1016 1834; x_wconf 80' lang='lat' dir='ltr'>David,</span> <span class='ocrx_word' id='word_1_102' title='bbox 1034 1773 1076 1817; x_wconf 90' lang='lat' dir='ltr'>ue</span> <span class='ocrx_word' id='word_1_103' title='bbox 1094 1754 1216 1817; x_wconf 87' lang='lat' dir='ltr'>timeas</span> 
     </span>
     <span class='ocr_line' id='line_1_15' title="bbox 119 1855 1201 1943; baseline -0.004 -21"><span class='ocrx_word' id='word_1_104' title='bbox 119 1878 202 1940; x_wconf 89' lang='lat' dir='ltr'>pere</span> <span class='ocrx_word' id='word_1_105' title='bbox 218 1856 367 1924; x_wconf 87' lang='lat' dir='ltr'>Mariam</span> <span class='ocrx_word' id='word_1_106' title='bbox 384 1882 546 1943; x_wconf 82' lang='lat' dir='ltr'>sponsam</span> <span class='ocrx_word' id='word_1_107' title='bbox 563 1867 674 1942; x_wconf 91' lang='lat' dir='ltr'>tuam,</span> <span class='ocrx_word' id='word_1_108' title='bbox 698 1879 811 1943; x_wconf 87' lang='lat' dir='ltr'>neque</span> <span class='ocrx_word' id='word_1_109' title='bbox 830 1855 1067 1937; x_wconf 83' lang='lat' dir='ltr'>contristeris,</span> <span class='ocrx_word' id='word_1_110' title='bbox 1089 1876 1201 1938; x_wconf 89' lang='lat' dir='ltr'>neque</span> 
     </span>
     <span class='ocr_line' id='line_1_16' title="bbox 119 1957 1216 2046; baseline -0.003 -23"><span class='ocrx_word' id='word_1_111' title='bbox 119 1959 287 2026; x_wconf 89' lang='lat' dir='ltr'>indecora</span> <span class='ocrx_word' id='word_1_112' title='bbox 307 1961 464 2046; x_wconf 90' lang='lat' dir='ltr'>loquaris</span> <span class='ocrx_word' id='word_1_113' title='bbox 487 1963 529 2027; x_wconf 89' lang='lat' dir='ltr'>de</span> <span class='ocrx_word' id='word_1_114' title='bbox 553 1963 783 2045; x_wconf 87' lang='lat' dir='ltr'>conceptione</span> <span class='ocrx_word' id='word_1_115' title='bbox 808 1960 898 2040; x_wconf 81' lang='lat' dir='ltr'>eius,</span> <span class='ocrx_word' id='word_1_116' title='bbox 926 1960 1009 2042; x_wconf 88' lang='lat' dir='ltr'>quia</span> <span class='ocrx_word' id='word_1_117' title='bbox 1033 1957 1216 2042; x_wconf 84' lang='lat' dir='ltr'>gravidae</span> 
     </span>
     <span class='ocr_line' id='line_1_17' title="bbox 121 2058 1216 2149; baseline -0.005 -22"><span class='ocrx_word' id='word_1_118' title='bbox 121 2064 246 2146; x_wconf 87' lang='lat' dir='ltr'>spiritu</span> <span class='ocrx_word' id='word_1_119' title='bbox 270 2072 390 2131; x_wconf 87' lang='lat' dir='ltr'>sancto</span> <span class='ocrx_word' id='word_1_120' title='bbox 418 2073 453 2130; x_wconf 89' lang='lat' dir='ltr'>et</span> <span class='ocrx_word' id='word_1_121' title='bbox 474 2067 590 2149; x_wconf 90' lang='lat' dir='ltr'>pariet</span> <span class='ocrx_word' id='word_1_122' title='bbox 609 2065 719 2130; x_wconf 91' lang='lat' dir='ltr'>filium</span> <span class='ocrx_word' id='word_1_123' title='bbox 742 2065 841 2129; x_wconf 91' lang='lat' dir='ltr'>cuius</span> <span class='ocrx_word' id='word_1_124' title='bbox 864 2084 990 2127; x_wconf 91' lang='lat' dir='ltr'>nomen</span> <span class='ocrx_word' id='word_1_125' title='bbox 1007 2058 1216 2126; x_wconf 81' lang='lat' dir='ltr'>vocabitur]</span> 
     </span>
     <span class='ocr_line' id='line_1_18' title="bbox 119 2165 1217 2253; baseline -0.003 -23"><span class='ocrx_word' id='word_1_126' title='bbox 119 2165 180 2231; x_wconf 90' lang='lat' dir='ltr'>ille</span> <span class='ocrx_word' id='word_1_127' title='bbox 204 2169 296 2232; x_wconf 91' lang='lat' dir='ltr'>enim</span> <span class='ocrx_word' id='word_1_128' title='bbox 313 2169 444 2234; x_wconf 90' lang='lat' dir='ltr'>salvum</span> <span class='ocrx_word' id='word_1_129' title='bbox 460 2168 568 2234; x_wconf 91' lang='lat' dir='ltr'>faciet</span> <span class='ocrx_word' id='word_1_130' title='bbox 583 2168 751 2253; x_wconf 91' lang='lat' dir='ltr'>populum</span> <span class='ocrx_word' id='word_1_131' title='bbox 769 2188 870 2233; x_wconf 89' lang='lat' dir='ltr'>sunm</span> <span class='ocrx_word' id='word_1_132' title='bbox 892 2188 912 2230; x_wconf 91' lang='lat' dir='ltr'>a</span> <span class='ocrx_word' id='word_1_133' title='bbox 928 2165 1082 2248; x_wconf 85' lang='lat' dir='ltr'>peccatis</span> <span class='ocrx_word' id='word_1_134' title='bbox 1103 2183 1217 2228; x_wconf 91' lang='lat' dir='ltr'>eorum</span> 
     </span>
     <span class='ocr_line' id='line_1_19' title="bbox 120 2258 1217 2354; baseline -0.005 -20"><span class='ocrx_word' id='word_1_135' title='bbox 120 2277 236 2335; x_wconf 90' lang='lat' dir='ltr'>autem</span> <span class='ocrx_word' id='word_1_136' title='bbox 253 2272 296 2337; x_wconf 92' lang='lat' dir='ltr'>ob</span> <span class='ocrx_word' id='word_1_137' title='bbox 314 2273 404 2338; x_wconf 93' lang='lat' dir='ltr'>hanc</span> <span class='ocrx_word' id='word_1_138' title='bbox 422 2294 560 2338; x_wconf 90' lang='lat' dir='ltr'>causam</span> <span class='ocrx_word' id='word_1_139' title='bbox 575 2258 662 2337; x_wconf 91' lang='lat' dir='ltr'>mihi</span> <span class='ocrx_word' id='word_1_140' title='bbox 679 2272 768 2337; x_wconf 91' lang='lat' dir='ltr'>male</span> <span class='ocrx_word' id='word_1_141' title='bbox 786 2271 921 2354; x_wconf 85' lang='lat' dir='ltr'>cupias,</span> <span class='ocrx_word' id='word_1_142' title='bbox 949 2291 968 2334; x_wconf 94' lang='lat' dir='ltr'>o</span> <span class='ocrx_word' id='word_1_143' title='bbox 986 2268 1142 2333; x_wconf 87' lang='lat' dir='ltr'>domiue:</span> <span class='ocrx_word' id='word_1_144' title='bbox 1167 2267 1217 2349; x_wconf 85' lang='lat' dir='ltr'>ign</span> 
     </span>
     <span class='ocr_line' id='line_1_20' title="bbox 120 2367 1217 2459; baseline -0.004 -23"><span class='ocrx_word' id='word_1_145' title='bbox 120 2374 211 2437; x_wconf 91' lang='lat' dir='ltr'>enim</span> <span class='ocrx_word' id='word_1_146' title='bbox 222 2377 424 2458; x_wconf 82' lang='lat' dir='ltr'>mysterium</span> <span class='ocrx_word' id='word_1_147' title='bbox 436 2377 720 2452; x_wconf 82' lang='lat' dir='ltr'>nativitatistuae</span> <span class='ocrx_word' id='word_1_148' title='bbox 732 2377 766 2459; x_wconf 80' lang='lat'>⁶).</span> <span class='ocrx_word' id='word_1_149' title='bbox 791 2372 971 2439; x_wconf 90' lang='lat' dir='ltr'>Recordor</span> <span class='ocrx_word' id='word_1_150' title='bbox 982 2373 1097 2452; x_wconf 87' lang='lat' dir='ltr'>etiam,</span> <span class='ocrx_word' id='word_1_151' title='bbox 1115 2371 1161 2434; x_wconf 94' lang='lat' dir='ltr'>mi</span> <span class='ocrx_word' id='word_1_152' title='bbox 1172 2367 1217 2433; x_wconf 88' lang='lat' dir='ltr'>do:</span> 
     </span>
     <span class='ocr_line' id='line_1_21' title="bbox 120 2470 1217 2563; baseline -0.001 -25"><span class='ocrx_word' id='word_1_153' title='bbox 120 2474 191 2541; x_wconf 92' lang='lat' dir='ltr'>diei</span> <span class='ocrx_word' id='word_1_154' title='bbox 213 2477 316 2543; x_wconf 88' lang='lat' dir='ltr'>istius</span> <span class='ocrx_word' id='word_1_155' title='bbox 339 2501 417 2545; x_wconf 90' lang='lat' dir='ltr'>cum</span> <span class='ocrx_word' id='word_1_156' title='bbox 436 2502 553 2545; x_wconf 90' lang='lat' dir='ltr'>morsu</span> <span class='ocrx_word' id='word_1_157' title='bbox 577 2479 752 2563; x_wconf 87' lang='lat' dir='ltr'>serpentis</span> <span class='ocrx_word' id='word_1_158' title='bbox 770 2499 857 2561; x_wconf 89' lang='lat' dir='ltr'>puer</span> <span class='ocrx_word' id='word_1_159' title='bbox 877 2477 944 2542; x_wconf 90' lang='lat' dir='ltr'>iste</span> <span class='ocrx_word' id='word_1_160' title='bbox 961 2474 1162 2541; x_wconf 87' lang='lat' dir='ltr'>necabatur.</span> <span class='ocrx_word' id='word_1_161' title='bbox 1192 2470 1217 2537; x_wconf 77' lang='lat' dir='ltr'>V</span> 
     </span>
     <span class='ocr_line' id='line_1_22' title="bbox 120 2575 1217 2668; baseline -0.005 -25"><span class='ocrx_word' id='word_1_162' title='bbox 120 2587 202 2645; x_wconf 85' lang='lat' dir='ltr'>runt</span> <span class='ocrx_word' id='word_1_163' title='bbox 213 2585 528 2668; x_wconf 89' lang='lat' dir='ltr'>autempropiuqui</span> <span class='ocrx_word' id='word_1_164' title='bbox 547 2585 622 2649; x_wconf 89' lang='lat' dir='ltr'>eius</span> <span class='ocrx_word' id='word_1_165' title='bbox 634 2583 772 2648; x_wconf 88' lang='lat' dir='ltr'>tradere</span> <span class='ocrx_word' id='word_1_166' title='bbox 784 2589 819 2647; x_wconf 89' lang='lat' dir='ltr'>te</span> <span class='ocrx_word' id='word_1_167' title='bbox 830 2580 977 2660; x_wconf 87' lang='lat' dir='ltr'>Herodi,</span> <span class='ocrx_word' id='word_1_168' title='bbox 996 2579 1155 2644; x_wconf 88' lang='lat' dir='ltr'>diceutes</span> <span class='ocrx_word' id='word_1_169' title='bbox 1165 2575 1217 2641; x_wconf 89' lang='lat' dir='ltr'>tei</span> 
     </span>
     <span class='ocr_line' id='line_1_23' title="bbox 120 2677 1217 2752; baseline -0.005 -5"><span class='ocrx_word' id='word_1_170' title='bbox 120 2683 246 2749; x_wconf 85' lang='lat' dir='ltr'>fecisse</span> <span class='ocrx_word' id='word_1_171' title='bbox 263 2685 377 2750; x_wconf 93' lang='lat' dir='ltr'>illum:</span> <span class='ocrx_word' id='word_1_172' title='bbox 397 2686 458 2752; x_wconf 88' lang='lat' dir='ltr'>sed</span> <span class='ocrx_word' id='word_1_173' title='bbox 474 2687 723 2751; x_wconf 89' lang='lat' dir='ltr'>resuscitatum</span> <span class='ocrx_word' id='word_1_174' title='bbox 740 2706 760 2749; x_wconf 91' lang='lat' dir='ltr'>a</span> <span class='ocrx_word' id='word_1_175' title='bbox 775 2684 921 2748; x_wconf 85' lang='lat' dir='ltr'>mortuis</span> <span class='ocrx_word' id='word_1_176' title='bbox 939 2703 1016 2746; x_wconf 91' lang='lat' dir='ltr'>eum</span> <span class='ocrx_word' id='word_1_177' title='bbox 1033 2681 1106 2745; x_wconf 91' lang='lat' dir='ltr'>illis</span> <span class='ocrx_word' id='word_1_178' title='bbox 1123 2677 1217 2744; x_wconf 89' lang='lat' dir='ltr'>reddi</span> 
     </span>
     <span class='ocr_line' id='line_1_24' title="bbox 119 2781 1214 2872; baseline -0.004 -22"><span class='ocrx_word' id='word_1_179' title='bbox 119 2785 218 2851; x_wconf 79' lang='lat' dir='ltr'>Tunc</span> <span class='ocrx_word' id='word_1_180' title='bbox 242 2809 305 2872; x_wconf 83' lang='lat' dir='ltr'>ego</span> <span class='ocrx_word' id='word_1_181' title='bbox 323 2789 494 2854; x_wconf 89' lang='lat' dir='ltr'>accedens</span> <span class='ocrx_word' id='word_1_182' title='bbox 519 2795 554 2854; x_wconf 87' lang='lat' dir='ltr'>et</span> <span class='ocrx_word' id='word_1_183' title='bbox 569 2789 745 2872; x_wconf 89' lang='lat' dir='ltr'>prehensa</span> <span class='ocrx_word' id='word_1_184' title='bbox 761 2809 863 2852; x_wconf 91' lang='lat' dir='ltr'>manu</span> <span class='ocrx_word' id='word_1_185' title='bbox 888 2793 948 2850; x_wconf 90' lang='lat' dir='ltr'>tua</span> <span class='ocrx_word' id='word_1_186' title='bbox 964 2784 1052 2848; x_wconf 84' lang='lat' dir='ltr'>dixi:</span> <span class='ocrx_word' id='word_1_187' title='bbox 1084 2782 1136 2848; x_wconf 90' lang='lat' dir='ltr'>Mi</span> <span class='ocrx_word' id='word_1_188' title='bbox 1153 2781 1214 2863; x_wconf 86' lang='lat' dir='ltr'>fili,</span> 
     </span>
     <span class='ocr_line' id='line_1_25' title="bbox 120 2888 1217 2975; baseline -0.005 -22"><span class='ocrx_word' id='word_1_189' title='bbox 120 2889 196 2954; x_wconf 88' lang='lat' dir='ltr'>tibi.</span> <span class='ocrx_word' id='word_1_190' title='bbox 227 2888 279 2955; x_wconf 81' lang='lat' dir='ltr'>At</span> <span class='ocrx_word' id='word_1_191' title='bbox 294 2896 331 2955; x_wconf 91' lang='lat' dir='ltr'>tu</span> <span class='ocrx_word' id='word_1_192' title='bbox 350 2892 565 2975; x_wconf 83' lang='lat' dir='ltr'>respondisti</span> <span class='ocrx_word' id='word_1_193' title='bbox 582 2891 681 2955; x_wconf 90' lang='lat' dir='ltr'>mihi:</span> <span class='ocrx_word' id='word_1_194' title='bbox 713 2890 839 2956; x_wconf 88' lang='lat' dir='ltr'>Nonne</span> <span class='ocrx_word' id='word_1_195' title='bbox 857 2896 894 2954; x_wconf 85' lang='lat' dir='ltr'>tu</span> <span class='ocrx_word' id='word_1_196' title='bbox 918 2910 953 2953; x_wconf 89' lang='lat' dir='ltr'>es</span> <span class='ocrx_word' id='word_1_197' title='bbox 971 2894 1072 2971; x_wconf 87' lang='lat' dir='ltr'>pater</span> <span class='ocrx_word' id='word_1_198' title='bbox 1088 2907 1183 2950; x_wconf 90' lang='lat' dir='ltr'>meus</span> <span class='ocrx_word' id='word_1_199' title='bbox 1199 2905 1217 2948; x_wconf 88' lang='lat' dir='ltr'>s</span> 
     </span>
     <span class='ocr_line' id='line_1_26' title="bbox 120 2987 1218 3077; baseline -0.004 -22"><span class='ocrx_word' id='word_1_200' title='bbox 120 2991 202 3056; x_wconf 93' lang='lat' dir='ltr'>dum</span> <span class='ocrx_word' id='word_1_201' title='bbox 219 2992 380 3058; x_wconf 84' lang='lat' dir='ltr'>carnem?</span> <span class='ocrx_word' id='word_1_202' title='bbox 399 2995 532 3060; x_wconf 92' lang='lat' dir='ltr'>docebo</span> <span class='ocrx_word' id='word_1_203' title='bbox 549 3001 583 3059; x_wconf 87' lang='lat' dir='ltr'>to</span> <span class='ocrx_word' id='word_1_204' title='bbox 601 2995 680 3077; x_wconf 89' lang='lat' dir='ltr'>quis</span> <span class='ocrx_word' id='word_1_205' title='bbox 697 3015 761 3077; x_wconf 83' lang='lat' dir='ltr'>ego</span> <span class='ocrx_word' id='word_1_206' title='bbox 780 3015 865 3058; x_wconf 91' lang='lat' dir='ltr'>sum.</span> <span class='ocrx_word' id='word_1_207' title='bbox 889 2991 993 3056; x_wconf 88' lang='lat' dir='ltr'>Nunc</span> <span class='ocrx_word' id='word_1_208' title='bbox 1010 2991 1128 3073; x_wconf 83' lang='lat' dir='ltr'>igitur,</span> <span class='ocrx_word' id='word_1_209' title='bbox 1147 3009 1165 3052; x_wconf 93' lang='lat' dir='ltr'>o</span> <span class='ocrx_word' id='word_1_210' title='bbox 1182 2987 1218 3051; x_wconf 89' lang='lat' dir='ltr'>do</span> 
     </span>
     <span class='ocr_line' id='line_1_27' title="bbox 121 3095 1207 3180; baseline -0.005 -21"><span class='ocrx_word' id='word_1_211' title='bbox 121 3102 156 3159; x_wconf 88' lang='lat' dir='ltr'>et</span> <span class='ocrx_word' id='word_1_212' title='bbox 165 3095 252 3161; x_wconf 89' lang='lat' dir='ltr'>deus</span> <span class='ocrx_word' id='word_1_213' title='bbox 263 3098 320 3180; x_wconf 89' lang='lat' dir='ltr'>mi,</span> <span class='ocrx_word' id='word_1_214' title='bbox 338 3120 380 3162; x_wconf 91' lang='lat' dir='ltr'>ne</span> <span class='ocrx_word' id='word_1_215' title='bbox 398 3098 482 3163; x_wconf 91' lang='lat' dir='ltr'>mihi</span> <span class='ocrx_word' id='word_1_216' title='bbox 494 3118 703 3164; x_wconf 88' lang='lat' dir='ltr'>succenseas</span> <span class='ocrx_word' id='word_1_217' title='bbox 714 3097 766 3162; x_wconf 82' lang='lat' dir='ltr'>vel</span> <span class='ocrx_word' id='word_1_218' title='bbox 780 3096 990 3161; x_wconf 88' lang='lat' dir='ltr'>condemnes</span> <span class='ocrx_word' id='word_1_219' title='bbox 1000 3115 1054 3158; x_wconf 90' lang='lat' dir='ltr'>me</span> <span class='ocrx_word' id='word_1_220' title='bbox 1066 3098 1207 3175; x_wconf 89' lang='lat' dir='ltr'>propter</span> 
     </span>
     <span class='ocr_line' id='line_1_28' title="bbox 120 3197 1218 3285; baseline -0.005 -23"><span class='ocrx_word' id='word_1_221' title='bbox 120 3197 250 3264; x_wconf 90' lang='lat' dir='ltr'>boram.</span> <span class='ocrx_word' id='word_1_222' title='bbox 274 3200 350 3285; x_wconf 77' lang='lat' dir='ltr'>Ego</span> <span class='ocrx_word' id='word_1_223' title='bbox 368 3223 443 3266; x_wconf 86' lang='lat' dir='ltr'>sum</span> <span class='ocrx_word' id='word_1_224' title='bbox 461 3223 579 3266; x_wconf 83' lang='lat' dir='ltr'>servus</span> <span class='ocrx_word' id='word_1_225' title='bbox 596 3209 678 3266; x_wconf 89' lang='lat' dir='ltr'>tuus</span> <span class='ocrx_word' id='word_1_226' title='bbox 696 3208 732 3266; x_wconf 92' lang='lat' dir='ltr'>et</span> <span class='ocrx_word' id='word_1_227' title='bbox 748 3200 840 3264; x_wconf 88' lang='lat' dir='ltr'>filius</span> <span class='ocrx_word' id='word_1_228' title='bbox 858 3199 1007 3264; x_wconf 91' lang='lat' dir='ltr'>ancillae</span> <span class='ocrx_word' id='word_1_229' title='bbox 1025 3203 1122 3276; x_wconf 88' lang='lat' dir='ltr'>tuae;</span> <span class='ocrx_word' id='word_1_230' title='bbox 1139 3203 1218 3259; x_wconf 85' lang='lat' dir='ltr'>tuve</span> 
     </span>
     <span class='ocr_line' id='line_1_29' title="bbox 121 3297 1218 3386; baseline -0.004 -22"><span class='ocrx_word' id='word_1_231' title='bbox 121 3300 281 3368; x_wconf 89' lang='lat' dir='ltr'>dominus</span> <span class='ocrx_word' id='word_1_232' title='bbox 299 3325 407 3386; x_wconf 91' lang='lat' dir='ltr'>meus,</span> <span class='ocrx_word' id='word_1_233' title='bbox 426 3305 511 3370; x_wconf 90' lang='lat' dir='ltr'>deus</span> <span class='ocrx_word' id='word_1_234' title='bbox 530 3310 564 3369; x_wconf 89' lang='lat' dir='ltr'>et</span> <span class='ocrx_word' id='word_1_235' title='bbox 581 3310 736 3370; x_wconf 85' lang='lat' dir='ltr'>servator</span> <span class='ocrx_word' id='word_1_236' title='bbox 753 3325 860 3384; x_wconf 89' lang='lat' dir='ltr'>meus,</span> <span class='ocrx_word' id='word_1_237' title='bbox 879 3302 972 3367; x_wconf 89' lang='lat' dir='ltr'>filius</span> <span class='ocrx_word' id='word_1_238' title='bbox 990 3300 1048 3364; x_wconf 90' lang='lat' dir='ltr'>dei</span> <span class='ocrx_word' id='word_1_239' title='bbox 1065 3297 1218 3364; x_wconf 89' lang='lat' dir='ltr'>certissin</span> 
     </span>
    </p>
   </div>
   <div class='ocr_carea' id='block_1_3' title="bbox 578 3481 864 3552">
    <p class='ocr_par' dir='ltr' id='par_1_3' title="bbox 578 3481 864 3552">
     <span class='ocr_line' id='line_1_30' title="bbox 578 3481 864 3552; baseline -0.01 -3"><span class='ocrx_word' id='word_1_240' title='bbox 578 3481 699 3550; x_wconf 78' lang='lat' dir='ltr'>Garun</span> <span class='ocrx_word' id='word_1_241' title='bbox 722 3481 864 3552; x_wconf 87' lang='lat' dir='ltr'>XVIII.</span> 
     </span>
    </p>
   </div>
   <div class='ocr_carea' id='block_1_4' title="bbox 121 3607 1218 3800">
    <p class='ocr_par' dir='ltr' id='par_1_4' title="bbox 121 3607 1218 3800">
     <span class='ocr_line' id='line_1_31' title="bbox 206 3607 1218 3696; baseline -0.008 -20"><span class='ocrx_word' id='word_1_242' title='bbox 206 3611 306 3677; x_wconf 89' lang='lat' dir='ltr'>Haec</span> <span class='ocrx_word' id='word_1_243' title='bbox 322 3614 382 3678; x_wconf 91' lang='lat' dir='ltr'>ubi</span> <span class='ocrx_word' id='word_1_244' title='bbox 400 3615 535 3678; x_wconf 88' lang='lat' dir='ltr'>dixerat</span> <span class='ocrx_word' id='word_1_245' title='bbox 550 3618 651 3696; x_wconf 87' lang='lat' dir='ltr'>pater</span> <span class='ocrx_word' id='word_1_246' title='bbox 666 3634 762 3677; x_wconf 89' lang='lat' dir='ltr'>meus</span> <span class='ocrx_word' id='word_1_247' title='bbox 779 3609 964 3693; x_wconf 87' lang='lat' dir='ltr'>Iosephus,</span> <span class='ocrx_word' id='word_1_248' title='bbox 984 3608 1067 3673; x_wconf 88' lang='lat' dir='ltr'>fiere</span> <span class='ocrx_word' id='word_1_249' title='bbox 1086 3607 1218 3690; x_wconf 84' lang='lat' dir='ltr'>ampliu:</span> 
     </span>
     <span class='ocr_line' id='line_1_32' title="bbox 121 3707 1218 3800; baseline -0.005 -22"><span class='ocrx_word' id='word_1_250' title='bbox 121 3716 246 3795; x_wconf 91' lang='lat' dir='ltr'>potuit.</span> <span class='ocrx_word' id='word_1_251' title='bbox 281 3715 330 3780; x_wconf 83' lang='lat' dir='ltr'>Et</span> <span class='ocrx_word' id='word_1_252' title='bbox 349 3717 513 3800; x_wconf 84' lang='lat' dir='ltr'>conspexi</span> <span class='ocrx_word' id='word_1_253' title='bbox 536 3722 682 3780; x_wconf 89' lang='lat' dir='ltr'>mortem</span> <span class='ocrx_word' id='word_1_254' title='bbox 703 3716 771 3780; x_wconf 91' lang='lat' dir='ltr'>iam</span> <span class='ocrx_word' id='word_1_255' title='bbox 792 3713 861 3797; x_wconf 90' lang='lat' dir='ltr'>ipsi</span> <span class='ocrx_word' id='word_1_256' title='bbox 882 3711 1130 3776; x_wconf 88' lang='lat' dir='ltr'>dominantem.</span> <span class='ocrx_word' id='word_1_257' title='bbox 1167 3707 1218 3773; x_wconf 84' lang='lat' dir='ltr'>Su:</span> 
     </span>
    </p>
   </div>
   <div class='ocr_carea' id='block_1_5' title="bbox 68 3901 1219 4574">
    <p class='ocr_par' dir='ltr' id='par_1_5' title="bbox 68 3901 1219 4574">
     <span class='ocr_line' id='line_1_33' title="bbox 190 3901 1219 3975; baseline -0.007 -21"><span class='ocrx_word' id='word_1_258' title='bbox 190 3905 217 3969; x_wconf 77' lang='grc' dir='ltr'>ὅ)</span> <span class='ocrx_word' id='word_1_259' title='bbox 237 3905 329 3974; x_wconf 76' lang='lat' dir='ltr'>Pergit</span> <span class='ocrx_word' id='word_1_260' title='bbox 341 3909 428 3975; x_wconf 80' lang='lat' dir='ltr'>chga</span> <span class='ocrx_word' id='word_1_261' title='bbox 445 3911 473 3958; x_wconf 89' lang='lat' dir='ltr'>in</span> <span class='ocrx_word' id='word_1_262' title='bbox 493 3908 645 3960; x_wconf 78' lang='lat' dir='ltr'>exhibendo</span> <span class='ocrx_word' id='word_1_263' title='bbox 664 3907 785 3957; x_wconf 80' lang='lat' dir='ltr'>Sabidici</span> <span class='ocrx_word' id='word_1_264' title='bbox 804 3906 867 3955; x_wconf 85' lang='lat' dir='ltr'>libri</span> <span class='ocrx_word' id='word_1_265' title='bbox 886 3908 1059 3970; x_wconf 80' lang='lat' dir='ltr'>argumento:</span> <span class='ocrx_word' id='word_1_266' title='bbox 1090 3903 1165 3952; x_wconf 71' lang='lat' dir='ltr'>Venit</span> <span class='ocrx_word' id='word_1_267' title='bbox 1181 3901 1219 3949; x_wconf 76' lang='lat' dir='ltr'>Iea</span> 
     </span>
     <span class='ocr_line' id='line_1_34' title="bbox 122 3988 1219 4059; baseline -0.005 -18"><span class='ocrx_word' id='word_1_268' title='bbox 122 3992 306 4042; x_wconf 72' lang='lat' dir='ltr'>consolatum.</span> <span class='ocrx_word' id='word_1_269' title='bbox 332 3995 469 4059; x_wconf 78' lang='lat' dir='ltr'>Supplioat</span> <span class='ocrx_word' id='word_1_270' title='bbox 481 3995 573 4056; x_wconf 75' lang='lat' dir='ltr'>Ioseph</span> <span class='ocrx_word' id='word_1_271' title='bbox 584 3994 675 4051; x_wconf 74' lang='lat' dir='ltr'>Iseum,</span> <span class='ocrx_word' id='word_1_272' title='bbox 688 3993 815 4042; x_wconf 74' lang='lat' dir='ltr'>domium</span> <span class='ocrx_word' id='word_1_273' title='bbox 826 4007 897 4040; x_wconf 68' lang='lat' dir='ltr'>mum</span> <span class='ocrx_word' id='word_1_274' title='bbox 908 3988 1053 4054; x_wconf 66' lang='lat' dir='ltr'>appollon,</span> <span class='ocrx_word' id='word_1_275' title='bbox 1070 4003 1155 4051; x_wconf 66' lang='lat' dir='ltr'>repeto</span> <span class='ocrx_word' id='word_1_276' title='bbox 1165 4002 1219 4036; x_wconf 75' lang='lat' dir='ltr'>oen</span> 
     </span>
     <span class='ocr_line' id='line_1_35' title="bbox 68 4071 1219 4142; baseline -0.005 -16"><span class='ocrx_word' id='word_1_277' title='bbox 68 4094 73 4105; x_wconf 86' lang='lat'><strong>·</strong></span> <span class='ocrx_word' id='word_1_278' title='bbox 121 4081 246 4136; x_wconf 69' lang='lat' dir='ltr'>vaterem,</span> <span class='ocrx_word' id='word_1_279' title='bbox 263 4080 458 4141; x_wconf 78' lang='lat' dir='ltr'>redemptorem,</span> <span class='ocrx_word' id='word_1_280' title='bbox 477 4081 549 4129; x_wconf 69' lang='lat' dir='ltr'>deson</span> <span class='ocrx_word' id='word_1_281' title='bbox 560 4096 646 4129; x_wconf 75' lang='lat' dir='ltr'>oerum</span> <span class='ocrx_word' id='word_1_282' title='bbox 658 4082 683 4128; x_wconf 82' lang='lat' dir='ltr'>et</span> <span class='ocrx_word' id='word_1_283' title='bbox 692 4079 848 4142; x_wconf 67' lang='lat' dir='ltr'>perfectum</span> <span class='ocrx_word' id='word_1_284' title='bbox 867 4076 1013 4138; x_wconf 70' lang='lat' dir='ltr'>veniamque</span> <span class='ocrx_word' id='word_1_285' title='bbox 1026 4075 1095 4136; x_wconf 77' lang='lat' dir='ltr'>petit</span> <span class='ocrx_word' id='word_1_286' title='bbox 1106 4074 1172 4137; x_wconf 71' lang='lat' dir='ltr'>quod</span> <span class='ocrx_word' id='word_1_287' title='bbox 1184 4071 1219 4120; x_wconf 80' lang='lat' dir='ltr'>ali</span> 
     </span>
     <span class='ocr_line' id='line_1_36' title="bbox 122 4160 1213 4229; baseline -0.005 -17"><span class='ocrx_word' id='word_1_288' title='bbox 122 4165 258 4227; x_wconf 74' lang='lat' dir='ltr'>eopitwet</span> <span class='ocrx_word' id='word_1_289' title='bbox 269 4166 301 4214; x_wconf 83' lang='lat' dir='ltr'>de</span> <span class='ocrx_word' id='word_1_290' title='bbox 313 4169 394 4213; x_wconf 74' lang='lat' dir='ltr'>matre</span> <span class='ocrx_word' id='word_1_291' title='bbox 406 4167 460 4214; x_wconf 72' lang='lat' dir='ltr'>eius</span> <span class='ocrx_word' id='word_1_292' title='bbox 471 4167 542 4214; x_wconf 86' lang='lat' dir='ltr'>domo</span> <span class='ocrx_word' id='word_1_293' title='bbox 552 4165 683 4229; x_wconf 66' lang='lat' dir='ltr'>pellendo,</span> <span class='ocrx_word' id='word_1_294' title='bbox 703 4164 781 4212; x_wconf 82' lang='lat' dir='ltr'>donec</span> <span class='ocrx_word' id='word_1_295' title='bbox 793 4163 825 4210; x_wconf 75' lang='lat' dir='ltr'>ab</span> <span class='ocrx_word' id='word_1_296' title='bbox 838 4161 929 4225; x_wconf 70' lang='lat' dir='ltr'>&lt;rupelo</span> <span class='ocrx_word' id='word_1_297' title='bbox 942 4160 1038 4209; x_wconf 79' lang='lat' dir='ltr'>certior</span> <span class='ocrx_word' id='word_1_298' title='bbox 1042 4160 1137 4223; x_wconf 71' lang='lat' dir='ltr'>sactu</span> <span class='ocrx_word' id='word_1_299' title='bbox 1149 4162 1213 4208; x_wconf 71' lang='lat' dir='ltr'>esset</span> 
     </span>
     <span class='ocr_line' id='line_1_37' title="bbox 122 4245 1203 4313; baseline -0.004 -15"><span class='ocrx_word' id='word_1_300' title='bbox 122 4251 235 4312; x_wconf 73' lang='lat' dir='ltr'>ceptione</span> <span class='ocrx_word' id='word_1_301' title='bbox 252 4251 306 4299; x_wconf 73' lang='lat' dir='ltr'>eius</span> <span class='ocrx_word' id='word_1_302' title='bbox 322 4269 335 4299; x_wconf 87' lang='lat' dir='ltr'>e</span> <span class='ocrx_word' id='word_1_303' title='bbox 351 4252 446 4313; x_wconf 74' lang='lat' dir='ltr'>spiritu</span> <span class='ocrx_word' id='word_1_304' title='bbox 463 4256 558 4300; x_wconf 67' lang='lat' dir='ltr'>sonmo.</span> <span class='ocrx_word' id='word_1_305' title='bbox 585 4251 683 4300; x_wconf 78' lang='lat' dir='ltr'>Statim</span> <span class='ocrx_word' id='word_1_306' title='bbox 703 4248 737 4298; x_wconf 77' lang='lat' dir='ltr'>ad</span> <span class='ocrx_word' id='word_1_307' title='bbox 756 4264 789 4298; x_wconf 82' lang='lat' dir='ltr'>aa</span> <span class='ocrx_word' id='word_1_308' title='bbox 806 4263 874 4311; x_wconf 81' lang='lat' dir='ltr'>quaa</span> <span class='ocrx_word' id='word_1_309' title='bbox 893 4251 1042 4310; x_wconf 83' lang='lat' dir='ltr'>sequuntur</span> <span class='ocrx_word' id='word_1_310' title='bbox 1058 4245 1146 4310; x_wconf 76' lang='lat' dir='ltr'>Zoega</span> <span class='ocrx_word' id='word_1_311' title='bbox 1166 4246 1203 4294; x_wconf 82' lang='lat' dir='ltr'>sio</span> 
     </span>
     <span class='ocr_line' id='line_1_38' title="bbox 118 4331 1219 4402; baseline -0.006 -16"><span class='ocrx_word' id='word_1_312' title='bbox 118 4338 269 4402; x_wconf 62' lang='lat' dir='ltr'>pariterque</span> <span class='ocrx_word' id='word_1_313' title='bbox 282 4338 348 4402; x_wconf 71' lang='lat' dir='ltr'>quod</span> <span class='ocrx_word' id='word_1_314' title='bbox 366 4337 426 4387; x_wconf 80' lang='lat' dir='ltr'>olim</span> <span class='ocrx_word' id='word_1_315' title='bbox 443 4339 497 4402; x_wconf 77' lang='lat' dir='ltr'>ipre</span> <span class='ocrx_word' id='word_1_316' title='bbox 510 4339 592 4386; x_wconf 76' lang='lat' dir='ltr'>Iesum</span> <span class='ocrx_word' id='word_1_317' title='bbox 601 4352 721 4400; x_wconf 70' lang='lat' dir='ltr'>puerum,</span> <span class='ocrx_word' id='word_1_318' title='bbox 741 4336 784 4399; x_wconf 76' lang='lat' dir='ltr'>qui</span> <span class='ocrx_word' id='word_1_319' title='bbox 792 4333 930 4395; x_wconf 69' lang='lat' dir='ltr'>parvulam</span> <span class='ocrx_word' id='word_1_320' title='bbox 948 4349 965 4380; x_wconf 84' lang='lat' dir='ltr'>a</span> <span class='ocrx_word' id='word_1_321' title='bbox 978 4335 1076 4381; x_wconf 71' lang='lat' dir='ltr'>ceraste</span> <span class='ocrx_word' id='word_1_322' title='bbox 1088 4347 1197 4380; x_wconf 70' lang='lat' dir='ltr'>morsum</span> <span class='ocrx_word' id='word_1_323' title='bbox 1207 4331 1219 4378; x_wconf 81' lang='lat' dir='ltr'>i·</span> 
     </span>
     <span class='ocr_line' id='line_1_39' title="bbox 121 4416 1213 4486; baseline -0.005 -16"><span class='ocrx_word' id='word_1_324' title='bbox 121 4427 294 4481; x_wconf 79' lang='lat' dir='ltr'>revocaoerot‚</span> <span class='ocrx_word' id='word_1_325' title='bbox 312 4423 405 4472; x_wconf 73' lang='lat' dir='ltr'>dextra</span> <span class='ocrx_word' id='word_1_326' title='bbox 417 4439 480 4472; x_wconf 68' lang='lat' dir='ltr'>aare</span> <span class='ocrx_word' id='word_1_327' title='bbox 492 4423 615 4472; x_wconf 68' lang='lat' dir='ltr'>traxisset</span> <span class='ocrx_word' id='word_1_328' title='bbox 628 4422 672 4483; x_wconf 83' lang='lat' dir='ltr'>(ab</span> <span class='ocrx_word' id='word_1_329' title='bbox 687 4422 729 4471; x_wconf 76' lang='lat' dir='ltr'>hir</span> <span class='ocrx_word' id='word_1_330' title='bbox 748 4421 832 4486; x_wconf 76' lang='lat' dir='ltr'>igitur</span> <span class='ocrx_word' id='word_1_331' title='bbox 844 4420 935 4469; x_wconf 80' lang='lat' dir='ltr'>differt</span> <span class='ocrx_word' id='word_1_332' title='bbox 947 4416 1053 4480; x_wconf 79' lang='lat' dir='ltr'>Arabs),</span> <span class='ocrx_word' id='word_1_333' title='bbox 1070 4432 1174 4466; x_wconf 73' lang='lat' dir='ltr'>monem</span> <span class='ocrx_word' id='word_1_334' title='bbox 1183 4419 1213 4465; x_wconf 69' lang='lat' dir='ltr'>st</span> 
     </span>
     <span class='ocr_line' id='line_1_40' title="bbox 121 4508 722 4574; baseline -0.002 -17"><span class='ocrx_word' id='word_1_335' title='bbox 121 4509 192 4558; x_wconf 67' lang='lat' dir='ltr'>ritu</span> <span class='ocrx_word' id='word_1_336' title='bbox 202 4510 326 4559; x_wconf 63' lang='lat' dir='ltr'>astum</span> <span class='ocrx_word' id='word_1_337' title='bbox 337 4508 387 4558; x_wconf 63' lang='lat' dir='ltr'>siti</span> <span class='ocrx_word' id='word_1_338' title='bbox 398 4509 564 4574; x_wconf 71' lang='lat' dir='ltr'>conflantibus</span> <span class='ocrx_word' id='word_1_339' title='bbox 576 4508 722 4557; x_wconf 61' lang='lat' dir='ltr'>adamaret</span> 
     </span>
    </p>
   </div>
   <div class='ocr_carea' id='block_1_6' title="bbox 0 0 1444 5062">
    <p class='ocr_par' dir='ltr' id='par_1_6' title="bbox 0 0 1444 5062">
     <span class='ocr_line' id='line_1_41' title="bbox 0 0 1444 5062; baseline 0 0"><span class='ocrx_word' id='word_1_340' title='bbox 0 0 1444 5062; x_wconf 95' lang='lat' dir='ltr'> </span> 
     </span>
    </p>
   </div>
  </div>
 </body>
</html>
