2880 5062
121 395 183 441 m
581 375 852 428 rsonrcounui.

120 531 223 595 Anno
252 529 454 594 enim1832.
482 526 684 593 clarissimus
711 526 829 592 Thilo
858 524 975 592 Codici
1003 546 1062 591 suo
1090 525 1177 592 Novi
1199 527 1319 596 Testa·

121 643 224 708 menti
246 641 435 725 apocrypho
458 640 605 719 inseruit,
633 644 668 704 et
689 638 738 704 ita
760 638 893 721 quidem
914 644 952 702 ut
974 643 1101 703 textum
1124 645 1320 722 sequeretur

121 752 245 819 codicis
267 751 466 818 Parisiensis
489 750 605 816 decimi
628 749 696 815 fere
720 750 842 815 saeculi
867 750 908 831 (is
931 749 1026 814 nobis
1049 768 1067 814 c
1090 748 1235 832 dicitur),
1263 772 1319 816 va-

120 864 285 930 riantibus
311 862 510 929 lectionibus
537 866 612 926 octo
640 861 789 927 codicum
817 866 851 926 et
878 861 1032 944 vulgatae
1060 861 1215 926 editionis
1244 884 1318 928 cum

121 976 210 1040 notis
230 975 332 1039 variis
355 975 429 1040 aliis
451 973 512 1038 sub
533 978 627 1058 textu
649 973 776 1055 positis,
798 973 942 1054 repetita
964 973 1065 1037 etiam
1087 976 1161 1037 tota
1175 972 1317 1038 Postelli

120 1086 403 1170 interpretatione.
448 1082 524 1168 Qua
550 1085 585 1147 in
613 1104 648 1148 re
676 1083 910 1151 auctoritatem
933 1083 1132 1148 Parisiensis
1155 1085 1206 1149 sui
1229 1083 1318 1149 codi-

121 1197 176 1280 cis,
199 1198 261 1262 etsi
275 1197 442 1280 plerisque
463 1185 601 1278 reliquis
624 1199 734 1263 aetate
749 1195 867 1277 praeit,
889 1195 977 1260 iusto
993 1195 1098 1277 pluris
1112 1194 1205 1260 fecit:
1229 1195 1318 1279 quod

121 1307 217 1373 facile
240 1329 280 1373 ex
301 1306 344 1371 iis
366 1306 506 1371 iudicari
524 1307 648 1388 poterit
664 1327 749 1388 quae
765 1304 807 1370 ad
823 1305 1057 1371 canonicorum
1072 1306 1318 1390 evangeliorum

122 1418 320 1501 scripturam
342 1416 547 1482 conformata
567 1416 678 1498 habet,
704 1421 742 1481 ut
764 1415 883 1499 XVII,
908 1420 923 1480 l
948 1423 982 1481 et
1005 1419 1033 1481 3.
1064 1416 1168 1500 XXI,
1190 1420 1209 1481 2
1234 1423 1268 1482 et
1290 1421 1318 1484 3.

121 1526 246 1610 XXII,
262 1530 290 1593 2.
314 1527 451 1609 XXIV,
466 1531 495 1594 4.
524 1527 579 1593 De
594 1533 760 1611 apparatu
774 1526 927 1593 Thilonis
943 1533 1019 1610 post
1034 1526 1187 1594 dicemus.
1215 1529 1317 1594 Prae·

120 1644 213 1705 terea
241 1638 275 1704 in
303 1639 545 1724 prolegomenis
573 1639 678 1704 fusius
709 1643 743 1703 et
768 1643 920 1704 accurate
951 1639 1083 1721 scripsit
1105 1639 1145 1704 de
1167 1639 1246 1704 libri
1270 1640 1318 1705 hi·

121 1750 234 1815 storia.

205 1875 360 1959 Denique
381 1866 480 1942 anno¹
494 1878 585 1942 1840.
607 1876 739 1941 libellus
761 1876 887 1959 prodiit
907 1876 970 1941 hoc
992 1877 1090 1942 titulo
1111 1879 1317 1964 Protwanqe-

121 1988 193 2052 Item
216 1989 322 2053 Iacchi
341 2008 378 2053 ex
400 1991 463 2052 eod.
481 2010 535 2051 ms.
559 1987 719 2051 Veneticae
739 1990 903 2073 dempsit,
921 1989 1151 2074 prolegomenis,
1173 1993 1320 2053 caretate

121 2100 291 2180 helianum,
325 2104 402 2163 note
434 2102 545 2162 cilicis
576 2103 753 2162 instructum
784 2101 876 2163 edidit
905 2097 990 2164 Car.
1011 2099 1082 2163 Ad
1105 2099 1318 2182 Suck0w¹).

120 2211 327 2280 Venetianus
353 2211 410 2275 ille
433 2210 590 2277 Suckovii
618 2209 720 2274 codex
744 2210 831 2275 idem
853 2216 904 2275 est
927 2232 1024 2294 quem
1045 2211 1110 2293 ipsi
1131 2215 1240 2275 totum
1265 2210 1318 2276 de·

121 2322 312 2405 scripsimus
350 2327 502 2387 notatum
538 2321 622 2405 siglo
654 2343 676 2386 a
706 2322 741 2386 in
772 2323 1009 2387 commentario
1040 2327 1165 2388 nostro.
1216 2322 1320 2387 Hunc

121 2432 304 2500 Suokovius
331 2434 403 2499 iure
431 2432 656 2517 magnifacit,
685 2434 748 2498 etsi
769 2434 861 2498 nullo
884 2433 981 2499 modo
1004 2433 1141 2516 reliquis
1165 2433 1319 2498 omnibus

121 2545 356 2629 praeferendus
372 2551 431 2624 est,
453 2550 492 2609 ut
506 2566 546 2609 ex
561 2551 725 2628 apparatu
739 2550 855 2611 nostro
871 2546 973 2610 cuivis
991 2545 1172 2629 apparebit.
1212 2543 1320 2627 Saepe

122 2656 255 2739 quidem
282 2657 445 2722 brevitate
472 2656 624 2722 lectionis
656 2657 878 2722 commendari
905 2655 1051 2737 videtur3
1083 2657 1141 2722 sed
1170 2662 1335 2739 praeter--

122 2789 222 2851 quam
252 2766 340 2852 quod
372 2789 411 2834 ea
441 2769 587 2834 brevitas
621 2768 746 2852 passim
781 2768 870 2834 haud
902 2768 1000 2834 dubie
1032 2768 1074 2834 ad
1105 2767 1321 2834 describentis

89 2896 94 2907 ’
121 2880 359 2963 negligentiam
387 2880 561 2946 referenda
589 2884 653 2963 est,
685 2880 720 2944 in
747 2880 878 2963 scriptis
905 2879 1093 2945 huiusmodi
1120 2876 1322 2963 apocryphis

122 2988 297 3055 videndum
326 2996 376 3055 est
403 3011 444 3056 ne
467 2995 577 3056 textus
600 2989 764 3055 catholica
785 2991 1022 3056 retractatione
1043 2991 1078 3055 in
1100 2990 1254 3056 breviora
1278 2993 1322 3056 sit

122 3105 318 3166 contractus.
356 3101 406 3166 At
423 3122 501 3166 vero
519 3102 554 3165 in
570 3099 710 3184 legendo
730 3100 841 3166 codice
859 3123 918 3167 suo
934 3101 1117 3169 Suckovius
1133 3106 1202 3166 tam
1221 3123 1321 3186 saepe

121 3215 255 3294 tamque
278 3213 423 3295 graviter
445 3212 547 3277 falsus
570 3217 621 3277 est
643 3216 681 3277 ut
703 3217 854 3295 suscepto
878 3214 971 3296 operi
993 3213 1153 3297 imparem
1171 3234 1206 3278 se
1224 3235 1321 3296 prae-

37 3398 40 3404 .
122 3322 246 3387 stiterit
260 3344 300 3389 ac
313 3322 463 3387 laborem
478 3344 573 3387 sunm
587 3327 718 3387 tantum
733 3343 800 3388 non
815 3323 1004 3405 perdiderit.
1035 3323 1188 3408 Quodne
1203 3325 1321 3408 inique

121 3431 284 3499 iudicasse
292 3432 470 3514 videamur,
480 3432 608 3516 aliquot
623 3434 773 3516 exempla
788 3433 956 3500 afferenda
967 3441 1072 3500 erunt.
1101 3433 1157 3498 Ita
1171 3435 1321 3517 capiteI

122 3545 219 3627 κυρίῳ
248 3549 310 3624 (κω
333 3544 507 3628 seriptum)
537 3549 613 3609 ante
643 3547 695 3607 εῑσ
723 3543 865 3629 ῖλασμόμ
895 3547 968 3629 ἐμοί
995 3546 1158 3630 praeterit
1180 3567 1321 3631 eamque

121 3652 234 3719 fictam
254 3655 430 3721 lectionem
451 3656 548 3720 unice
571 3654 790 3736 commendst3
814 3657 939 3721 omittit
958 3660 1097 3741 σωέρμα
1118 3662 1195 3740 post
1214 3657 1321 3742 διδόμ-

122 3788 201 3839 τασ,
225 3764 284 3829 dat
306 3766 454 3850 ἑμεῲάμκ
479 3765 548 3850 σύμ,
572 3765 671 3848 idque
692 3771 821 3831 rectum
837 3787 909 3833 esse
928 3769 1092 3850 opinatur,
1114 3788 1174 3850 pro
1192 3769 1320 3853 ἑμεῲά-

123 3899 213 3960 μισεμ
243 3874 326 3956 (cod.
350 3883 499 3961 -μΗσεμ),
531 3878 611 3943 item
637 3883 735 3943 notat
762 3880 950 3963 ἑωισκέψαι
978 3901 1039 3963 pro
1069 3883 1320 3965 ἑωισκέψεταιε

123 3987 232 4070 cupite
255 3985 304 4053 II.
326 3988 377 4053 bis
400 3987 497 4053 affert
519 3989 588 4054 δύα)
616 4011 677 4072 pro
701 3989 775 4065 δύο,
805 3991 965 4053 mundiore
991 3990 1044 4055 bis
1065 4012 1125 4074 pro
1147 3993 1320 4071 ωαιδῐσκΗ,

102 4101 288 4182 ὀυμομέμΗ
311 4119 372 4181 pro
388 4103 567 4186 γεμομέμΗ,
591 4101 792 4186 δαῲμΗδεῖαμ
815 4121 876 4183 pro
897 4102 1112 4186 δαῴμκδαῐαμ,
1136 4103 1319 4189 δεσωόταμ

123 4229 183 4290 pro
200 4209 390 4295 δεσωότΗμε
415 4210 522 4294 capite
537 4210 606 4276 ΙΠ.
630 4209 823 4300 ἆτεῃῆσατο
842 4233 902 4294 pro
919 4212 1127 4298 <irreptionem
1152 4212 1318 4299 opsidroup

125 4351 336 4359 ...ου-*-

209 4424 231 4492 ¹)
249 4427 277 4477 Is
296 4428 501 4482 Vutislsviensi
519 4430 670 4483 academias
688 4446 773 4497 nuper
790 4435 876 4481 morte
896 4436 1003 4497 ereptus
1021 4437 1071 4485 est.
