2880 5062
126 378 203 423 xm
591 357 864 410 enonueouaus.

128 511 297 578 doctrinae
322 531 399 575 suae
422 510 513 575 virus
536 509 570 574 in
593 530 667 575 eam
689 511 859 592 regionem
882 510 1074 591 evomuisse,
1096 508 1186 591 quod
1206 509 1329 593 gravis·

127 626 230 690 simus
245 628 363 688 auctor
378 620 607 686 Theodoretus
622 621 677 686 lib.
690 624 716 686 1.
732 621 857 686 haeret.
871 619 1010 686 fabular.
1026 640 1096 703 cap.
1106 622 1156 686 26.
1169 620 1331 704 scriptum

127 735 276 818 reliquit:
299 735 412 815 itaque
430 731 518 798 haud
533 753 630 815 aegre
646 731 835 798 adducebar
851 738 889 796 ut
904 731 1073 797 crederem
1087 731 1180 797 facili
1194 733 1331 814 negotio

127 846 425 912 Manichaeismum
448 845 483 908 in
506 843 662 910 Tibetum
683 845 831 926 irrepere
854 845 1030 926 potuisset
1044 880 1057 894 ·
1070 880 1084 893 ·
1106 841 1202 928 „Quo
1226 845 1332 926 magis

125 978 203 1023 vero
227 977 321 1022 suam
342 957 489 1021 illustret
511 957 561 1019 vir
584 956 709 1021 clariss.
724 963 826 1039 atque
842 955 1017 1021 confirmet
1031 956 1229 1039 opinionem,
1252 975 1332 1038 apo·

127 1068 287 1151 cryphum
311 1066 475 1150 quendam
502 1066 651 1131 libellum
678 1067 811 1151 saepius
834 1067 916 1157 citat
938 1067 995 1149 qui
1018 1066 1166 1131 Thomas
1189 1087 1333 1150 evange-

125 1180 207 1244 lium
229 1183 287 1243 aut
305 1178 345 1243 de
368 1177 510 1243 infantia
526 1176 711 1243 Salvatoris
726 1177 822 1260 vulgo
845 1177 1052 1242 inscribitur:
1075 1198 1114 1241 ac
1129 1178 1333 1260 praecipuas

125 1290 296 1355 fabulosae
326 1287 473 1353 Manetis
501 1289 589 1353 vitae
620 1288 846 1371 historiaeque
877 1286 1032 1371 periodos
1063 1308 1182 1372 resque
1215 1289 1260 1355 ab
1295 1311 1333 1354 eo

125 1407 236 1486 gestas
265 1423 305 1466 ex
333 1401 569 1466 commentitiis
591 1401 679 1465 vitae
703 1398 890 1465 Servatcris
918 1403 1038 1467 nostris
1060 1399 1206 1483 periodis
1230 1407 1334 1484 atque

125 1512 301 1598 prodigiis,
329 1532 415 1595 quae
441 1513 475 1576 in
504 1511 755 1577 mendacissimo
779 1532 817 1576 ec
839 1511 952 1578 libello
976 1512 1224 1594 describuntur,
1254 1533 1335 1578 con·

125 1624 220 1689 fictas
244 1645 316 1690 esse
339 1625 533 1707 suspicatur.
578 1623 673 1688 Haec
689 1623 766 1688 dum
785 1623 820 1687 in
836 1623 982 1707 Georgic
997 1624 1150 1707 legerem,
1173 1622 1336 1690 dolebam

125 1737 237 1819 graeci
266 1735 356 1800 illius
386 1733 677 1818 pseudoevangelii
708 1734 929 1816 fragmentum
956 1734 1117 1800 duntaxat
1147 1734 1240 1818 typis
1273 1736 1336 1800 im·

126 1867 276 1938 pressum
311 1846 471 1913 hactenus
507 1844 686 1929 prodiisse:
724 1844 813 1927 quod
843 1845 988 1911 viderem
1021 1867 1062 1911 ex
1092 1845 1195 1929 impio
1228 1847 1349 1912 etiam

125 1957 238 2024 libello
262 1957 442 2022 utilitatem
466 1957 610 2040 aliquam
633 1963 803 2038 tamquam
825 1956 1010 2022 antidotum
1030 1978 1071 2023 ex
1087 1977 1216 2022 veneno
1234 1978 1346 2041 posse

126 2068 314 2152 comparari
334 2105 373 2118 -·
393 2067 496 2141 habet
517 2068 662 2149 aliquam
684 2068 885 2150 ineptiarum
908 2088 1039 2150 quoque
1062 2067 1161 2134 lectio
1185 2067 1347 2136 delecta-

125 2180 249 2246 tionem
271 2181 305 2243 si
331 2185 482 2244 vetustae
511 2179 577 2243 sint
605 2185 639 2244 et
665 2183 812 2244 veterum
835 2186 968 2261 patrum
991 2178 1204 2246 execratione
1227 2179 1346 2246 famo-

125 2312 181 2356 sae
204 2290 364 2355 --Hanc
386 2291 487 2373 igitur
509 2291 615 2373 ipsam
639 2289 803 2355 duntaxat
823 2289 1003 2356 utilitatem
1023 2289 1340 2375 quantulacumque

126 2406 179 2467 est
199 2422 280 2484 prae
304 2401 407 2466 oculis
430 2408 463 2466 et
485 2402 555 2483 ipse
577 2401 703 2466 habens
727 2400 809 2466 illud
831 2423 919 2467 nunc
941 2402 1107 2485 integrum
1130 2401 1208 2485 edo,
1230 2405 1339 2486 quale

125 2519 234 2578 exstat
254 2514 289 2576 in
313 2512 417 2578 chart.
434 2513 502 2577 cod.
518 2533 575 2576 ms.
599 2533 662 2577 sec.
678 2512 758 2580 XV.
777 2535 875 2597 quem
897 2534 917 2579 a
933 2512 1019 2580 Olar,
1034 2511 1119 2579 Viro
1140 2512 1192 2578 Io.
1209 2513 1331 2600 Chrys.

125 2624 326 2690 'Prombellic
351 2623 486 2689 Abbate
509 2623 709 2706 Exgenerali
732 2631 879 2707 emptum
907 2631 1017 2689 servat
1045 2630 1159 2690 nostra
1182 2624 1217 2692 S.
1240 2625 1328 2693 Salv.

124 2735 296 2801 Bononiae
319 2734 549 2800 bibliotheca.“
593 2735 675 2800 Post
698 2734 779 2800 haec
801 2735 898 2818 plura
919 2735 1093 2819 praefatur
1113 2736 1155 2801 de
1175 2742 1325 2802 veterum

123 2846 323 2913 testimoniis
344 2847 522 2912 maximam
544 2853 672 2929 partem
695 2868 735 2911 111
753 2846 909 2912 Fabricio
931 2853 1093 2930 repetens.
1136 2846 1225 2913 Tum
1246 2848 1325 2914 duos

126 2956 206 3022 dicit
228 2956 477 3040 distinguendos
506 2979 577 3023 esse
600 2959 718 3038 libros,
747 2957 955 3042 evangelium
976 2957 1124 3024 Thomae
1146 2965 1182 3024 et
1204 2959 1324 3026 librum

123 3067 164 3132 de
187 3067 328 3132 infantia
350 3069 544 3151 Salvatcris,
568 3068 698 3136 Gelasii
720 3075 755 3134 et
776 3068 944 3134 Timothei
963 3067 1325 3154 Constantinopolitani

123 3177 324 3242 auctoritate
353 3179 511 3244 adhibita.
555 3179 724 3261 Denique,
752 3181 886 3263 explosa
908 3180 1109 3246 Bellosobrii
1133 3183 1325 3248 testimonia

123 3293 257 3371 patrum
279 3289 505 3374 impugnantis
528 3289 779 3374 ,‚impudentia“,
806 3313 872 3357 non
895 3291 1027 3357 dubitat
1054 3292 1153 3376 „quin
1177 3293 1324 3359 eiusdem

122 3401 213 3465 tituli
235 3405 335 3484 atque
358 3401 439 3469 adeo
463 3401 609 3467 eiusdem
631 3403 818 3484 argumenti
840 3403 1060 3486 evangelium,
1088 3403 1187 3486 idque
1212 3425 1325 3470 secun·

111 3510 200 3577 ,dum
216 3510 381 3577 Thomam
403 3519 638 3596 nuncupatum,
661 3533 762 3595 quum
782 3513 942 3579 Marcosii
963 3513 1149 3597 habuerint,
1172 3520 1246 3581 tum
1266 3515 1324 3581 fin-

121 3623 233 3686 xerint
254 3621 470 3689 Manichaei.“
515 3623 690 3691 Concludit
718 3629 829 3690 autem
853 3625 1083 3707 quaestionem
1110 3624 1175 3690 his:
1207 3626 1325 3713 „Quod

54 3745 60 3750 ’
123 3731 249 3815 siquis
277 3754 317 3798 ex
344 3754 395 3798 me
419 3742 573 3817 quaerat,
600 3735 885 3801 Marcoeiorumne
913 3758 957 3801 an
979 3735 1259 3803 Manichaeorum
1282 3740 1326 3804 sit

122 3843 212 3926 quod
241 3865 327 3908 nunc
356 3844 430 3925 edo,
462 3846 545 3911 nihil
575 3848 680 3912 ausim
712 3846 863 3930 equidem
895 3848 978 3912 certi
1010 3853 1165 3912 statuere.
1212 3847 1324 3934 Quum

122 3959 233 4021 tamen
261 3959 411 4020 nostrum
439 3956 501 4022 hoc
523 3964 557 4021 11
579 3958 727 4024 Thomas
750 3979 870 4024 nomen
892 3959 934 4024 ab
960 3957 1106 4040 Origene
1129 3978 1324 4027 commemo

120 4071 231 4130 ratum
257 4065 440 4148 praeferat,
474 4074 506 4131 et
534 4067 690 4134 fabellam
717 4070 758 4133 ab
784 4069 927 4135 Irenaeo
954 4068 1122 4153 prolatam
1150 4068 1190 4135 de
1218 4091 1323 4154 puero

120 4177 199 4242 Iesu
225 4177 356 4242 litteras
383 4197 518 4258 graecas
541 4178 686 4245 discente
712 4180 849 4260 habeat,
879 4201 944 4246 non
966 4201 1043 4245 vero
1067 4180 1260 4264 hebraicas,
1286 4190 1324 4247 ut

120 4292 172 4353 est
194 4287 228 4351 in
250 4286 437 4370 fragmento
462 4286 683 4372 Coteleriano,
706 4296 858 4356 nostrum
880 4292 944 4357 hoc
966 4293 1076 4374 potius
1099 4313 1201 4374 quam
1224 4292 1322 4361 Oote·

119 4400 281 4465 larianum
307 4397 527 4482 fragmentum
548 4402 732 4482 respexisse
754 4403 940 4485 putaverim
961 4403 1166 4469 Irenaeum.“
1212 4403 1321 4490 Quam
