2880 5062
311 342 644 396 rsnuno-nsrrfleur
663 345 906 397 aversemur.
935 344 1008 396 cur.
1028 346 1073 395 vr.
1252 346 1295 409 63

116 493 268 560 infantula
284 516 362 560 esse
373 501 557 578 putaretur
573 494 635 560 sed
646 517 779 580 magna,
797 502 832 561 et
842 495 942 579 quasi
962 495 1109 579 triginta
1124 516 1294 562 annorum

117 599 169 662 iam
186 604 277 663 esset
296 600 347 662 ita
368 598 588 663 orationibus
609 598 807 663 insistebat.
842 597 891 662 Et
910 596 1161 681 resplendebat
1184 597 1293 662 facies

118 701 176 764 eius
195 701 284 765 sicut
304 701 379 782 nix,
404 700 455 766 ita
480 702 588 765 utrix
609 708 755 784 possent
779 703 815 765 in
842 702 918 765 eius
940 700 1073 764 vultum
1097 699 1293 765 intendere.

117 800 287 869 Insistebat
305 810 421 869 autem
438 805 536 887 operi
553 803 715 885 lanificii,
738 811 773 869 et
789 805 904 869 omnia
921 823 1009 887 quae
1026 802 1190 868 mulieres
1207 804 1296 869 anti-

119 925 188 987 quae
202 924 269 971 non
284 913 478 990 potuerunt
493 907 626 989 facere,
649 909 718 973 ista
733 907 769 970 in
786 913 908 971 tenera
923 912 1038 971 aetate
1055 907 1172 989 posita
1188 906 1295 989 expli·

118 1007 207 1072 cubat.
237 1008 366 1073 'Hanc
383 1014 499 1074 autem
516 1011 673 1094 regulam
690 1010 756 1074 sibi
775 1016 955 1090 statuerat,
973 1016 1047 1074 uta
1065 1030 1165 1074 mane
1182 1030 1293 1092 usque

120 1108 152 1173 nd
165 1109 272 1175 horam
288 1112 428 1175 tertiam
446 1113 665 1178 orationibus
681 1114 879 1191 insisteret3
895 1112 1032 1177 atertia
1049 1118 1165 1177 autern
1182 1132 1293 1194 usque

120 1210 273 1278 ednonam
283 1216 437 1280 textrino
454 1235 559 1298 opere
571 1237 607 1282 se
624 1220 826 1299 occuparet:
843 1234 1056 1280 anonavero
1068 1214 1153 1279 hora
1166 1214 1295 1279 iterum

121 1311 152 1377 ub
173 1318 319 1382 oratione
346 1338 416 1384 non
442 1318 630 1384 recedebat
658 1339 769 1402 usque
796 1317 877 1383 dnm
906 1316 961 1380 illi
991 1316 1136 1399 angelus
1162 1315 1293 1380 domini

122 1426 292 1500 appareret,
314 1419 357 1484 de
383 1420 483 1485 cuius
506 1441 609 1485 manu
634 1441 748 1486 escam
769 1420 961 1504 acciperet,
983 1425 1019 1483 et
1042 1418 1166 1483 melius
1188 1425 1294 1501 atque

121 1518 219 1586 nelias
238 1522 274 1586 in
297 1521 354 1586 dei
375 1521 541 1588 laudibus
561 1524 778 1607 proficiebat.
813 1522 977 1605 Denique
997 1541 1073 1585 cum
1095 1520 1294 1587 senioribus

123 1619 284 1702 uirginibus
306 1625 342 1688 in
366 1624 422 1688 dei
446 1625 611 1691 laudibus
633 1628 683 1691 ita
704 1626 911 1706 docebatur,
937 1625 1064 1689 utiam
1086 1623 1183 1688 nulla
1204 1625 1236 1688 ei
1257 1625 1293 1687 in

123 1720 223 1803 uigiliis
243 1728 340 1810 prior
363 1729 594 1809 inveniretur,
618 1729 654 1793 in
676 1730 851 1812 sapientia
867 1728 956 1811 legis
974 1726 1030 1792 dei
1048 1726 1234 1808 eruditior,
1257 1727 1293 1790 in

123 1819 288 1894 humilitate
309 1828 489 1911 humilior,
515 1831 552 1894 in
578 1830 791 1896 carminibus
813 1830 995 1895 Davidicis
1021 1829 1231 1913 elegantior,
1257 1830 1294 1892 in

124 1928 239 1995 caritate
259 1932 463 2015 gratiosior,
489 1933 525 1997 in
548 1933 710 1998 castitate
732 1933 867 2016 purior,
893 1933 929 1996 in
956 1932 1049 1997 omni
1068 1932 1196 1995 virtute
1219 1950 1295 2013 per-

125 2022 230 2096 fectior.
265 2033 354 2098 Erat
375 2037 467 2099 enim
490 2042 670 2115 constans,
695 2034 900 2114 immobilis,
924 2032 1165 2114 immutabilis,
1187 2039 1292 2116 atque

125 2164 304 2181 ———,-—

121 2247 156 2294 W
164 2252 202 2300 pro
211 2240 356 2306 loquebatur
369 2249 468 2308 tamque
480 2244 590 2303 assidue,
603 2247 669 2295 item
682 2244 873 2309 infantulaeeet,
886 2243 930 2292 sed
939 2244 1013 2307 quasi
1022 2258 1070 2307 pro
1080 2242 1211 2309 irffautula
1217 2247 1294 2305 puta·

124 2315 178 2368 latur
187 2341 232 2376 esse
242 2329 285 2377 sed
298 2334 326 2378 ut
338 2329 430 2378 adulta
439 2331 520 2393 quael.
535 2326 539 2394 Ι
554 2331 593 2378 Et
603 2330 780 2394 resplendebat
793 2356 801 2366 ·
815 2329 945 2378 intendere
957 2344 1016 2378 curn
1029 2339 1074 2385 cn,
1086 2328 1152 2377 item
1165 2327 1219 2388 (om
1229 2329 1295 2376 saue

123 2403 190 2456 abita
198 2416 223 2462 et
231 2413 312 2463 habet
318 2415 444 2478 potuisset
453 2416 509 2479 quis
521 2416 547 2463 in
557 2415 652 2464 cultum
664 2416 717 2464 elue
729 2415 877 2477 adtendere)
890 2428 906 2463 Β
916 2431 922 2474 ;
936 2429 953 2462 s
963 2415 1082 2477 Eratque
1094 2414 1120 2460 in
1130 2417 1228 2462 tanturn
1240 2428 1294 2476 epe·

124 2488 174 2539 ‘itta
183 2501 204 2545 et
213 2498 345 2562 splendida
358 2501 517 2565 einssaciee,
536 2502 573 2550 ita
587 2504 614 2548 ut
627 2501 669 2548 oia
682 2500 776 2564 aliquis
789 2501 815 2548 in
828 2499 899 2549 illins
912 2499 1006 2548 cultum
1015 2503 1103 2563 posset
1114 2498 1258 2547 intendere:
1277 2511 1294 2545 Β

124 2578 240 2632 limniscus
257 2581 261 2650 Ι
281 2584 398 2634 Insistcb.
416 2589 498 2634 autem
515 2586 545 2648 (Β
557 2586 632 2646 enim)
652 2588 725 2649 operi
742 2585 838 2651 lanific.
858 2586 885 2649 (c
899 2587 933 2634 ad
948 2601 1011 2650 opus
1024 2584 1092 2642 latu,
1111 2595 1127 2632 Β
1146 2584 1172 2631 in
1191 2582 1294 2644 lenifico

123 2662 187 2726 ΨΜ)
197 2674 237 2718 et·
251 2670 397 2734 explicabat
408 2669 438 2732 (1)
450 2671 580 2735 explebat)
592 2676 623 2720 ut
633 2682 703 2732 cnm
716 2687 733 2720 s
746 2672 800 2720 Ine.
812 2687 872 2734 erpo
885 2672 956 2735 operi
969 2670 1072 2735 lanifica
1084 2673 1113 2718 ut
1124 2669 1209 2718 onmia
1222 2692 1230 2703 ·
1243 2683 1294 2717 non

119 2749 273 2821 abersee.
287 2757 344 2820 ipssa
358 2781 366 2791 ·
379 2757 528 2819 explicaret.
550 2757 627 2806 Fecit
639 2771 656 2806 Β
669 2772 728 2806 oum
741 2769 767 2813 n,
781 2756 828 2805 sed
840 2761 904 2820 poet
916 2761 944 2804 ut
956 2757 1047 2820 pergit
1059 2755 1091 2803 ab
1103 2754 1215 2803 omnibus
1226 2753 1293 2801 uude·

122 2834 174 2882 raus
182 2842 326 2902 sapientiam
336 2841 437 2898 babere,
450 2842 488 2890 ita
500 2843 566 2906 quod
578 2843 662 2891 omnia
674 2858 737 2906 quae
750 2846 802 2892 etc.

170 2940 191 2989 b.
207 2943 280 2992 Haec
291 2947 376 2992 autern
388 2943 501 3006 repularn
513 2943 561 2992 sibi
570 2943 598 3007 (Β
608 2943 657 2993 sibi
668 2945 727 3007 ipsa
738 2941 820 3006 repre.)
829 2946 957 2991 statuerat
968 2946 997 2991 ut
1009 2939 1037 3002 (Β
1051 2941 1207 2998 instituerat,
1220 2957 1295 3004 quarn

120 3011 282 3082 &senune
299 3028 463 3087 observabat,
482 3029 610 3092 uidelicet)
631 3025 634 3091 Ι
654 3044 740 3076 mane:
759 3041 778 3077 1>
788 3029 875 3092 prim
893 3024 897 3092 Ι
915 3031 982 3076 orat.
999 3028 1130 3076 insisteret
1146 3034 1176 3076 nt
1189 3038 1258 3085 cnm
1276 3039 1293 3074 Β

121 3108 208 3160 rufini
220 3115 345 3171 instabat,·
364 3129 382 3164 Α
401 3115 428 3163 in
444 3115 560 3164 credone
572 3112 744 3179 persisteret!
764 3118 848 3163 autem
859 3113 887 3176 ΙΒ
901 3113 986 3175 aero).·
1004 3126 1040 3160 sn
1053 3127 1095 3161 om
1112 3112 1116 3176 Ι
1139 3112 1249 3161 textrino
1263 3110 1293 3172 (Β

121 3186 218 3259 strum)
230 3215 305 3264 opere
318 3200 350 3262 (Β
362 3200 446 3264 operi)
459 3216 485 3248 se
497 3199 525 3261 (Β
537 3200 647 3250 teatrine
659 3216 685 3248 se
698 3200 822 3265 inopere)
835 3203 972 3263 occuparet
983 3197 1012 3260 (n
1025 3202 1181 3262 occupasset,
1194 3210 1210 3245 Β
1223 3212 1293 3247 occu·

117 3272 199 3342 hlutJ:
214 3297 230 3331 Β
242 3284 347 3350 iaeiflw
365 3288 390 3332 et
408 3283 470 3335 aliis
487 3285 604 3350 operibns
611 3286 778 3349 permanebat
791 3283 795 3347 Ι
809 3298 845 3333 en
859 3300 901 3333 om
913 3285 978 3332 bara
992 3281 995 3346 Ι
1011 3285 1113 3332 iteruem
1130 3295 1167 3330 sn
1184 3282 1238 3331 edd
1257 3283 1293 3330 in·

119 3354 200 3416 metat
208 3371 328 3420 οναίὶοπὲ.
342 3367 346 3434 Ι
360 3385 436 3433 usque
449 3370 520 3419 dum:
537 3382 573 3421 cr>
584 3371 663 3419 donec
674 3368 678 3435 Ι
694 3371 802 3420 domini:
820 3384 838 3419 A
850 3371 892 3419 dei
911 3367 915 3435 Ι
935 3383 952 3418 n
972 3368 1115 3432 accipiebat
1128 3366 1132 3432 Ι
1146 3372 1171 3416 et
1183 3366 1271 3416 melius
1283 3393 1292 3403 ·

117 3446 240 3509 melai
251 3463 283 3505 ut
295 3469 326 3514 Βς
345 3467 380 3504 οΒ
393 3460 422 3504 ut
434 3455 522 3504 mellus
534 3481 543 3492 ·
556 3457 583 3504 in
594 3456 636 3505 dei
648 3472 734 3506 amore
742 3455 894 3522 proficeret.-
912 3468 930 3503 Δ
943 3459 968 3504 et
980 3455 1019 3502 ita
1031 3454 1112 3502 maius
1129 3458 1154 3502 et
1166 3452 1255 3502 melius
1267 3453 1293 3501 in

120 3536 177 3589 ΨΜ
185 3539 220 3589 dei
228 3541 394 3607 projiciebat,-
412 3555 430 3590 Β
442 3546 467 3589 et
480 3545 558 3590 toturn
570 3542 636 3605 quod
648 3543 676 3590 ie
688 3542 779 3606 templo
797 3542 820 3589 ei
831 3539 944 3590 dabatur
951 3539 1111 3604 paoperibus
1121 3539 1294 3597 ministrabat,

120 3614 176 3668 “tir
184 3627 257 3676 natue
268 3634 312 3676 etc
325 3632 357 3676 ut
368 3640 386 3674 Δ
401 3625 405 3692 Ι
418 3627 535 3689 Denique
547 3651 556 3663 ·
570 3627 733 3685 inueniretur,
746 3625 814 3686 in(1›
824 3626 915 3687 necin)
928 3649 937 3662 ·
949 3625 1069 3674 bunnilior
1082 3631 1113 3675 ut
1122 3636 1171 3684 ους
1185 3637 1201 3673 n
1213 3624 1292 3673 Deni-

121 3709 155 3756 tit
164 3722 207 3756 cun
216 3713 325 3761 maiores
336 3712 448 3774 cirpinee
458 3727 520 3760 suae
532 3712 558 3760 in
569 3713 611 3761 dei
623 3712 741 3761 kudibus
749 3711 876 3776 proficere
888 3711 1052 3774 conspiceret,
1068 3708 1122 3759 selo
1134 3710 1211 3759 nimia
1224 3710 1291 3759 boni·

121 3782 168 3836 Μ’
176 3798 299 3860 mapebat
315 3802 344 3845 ut
360 3798 386 3845 in
402 3796 500 3860 eipiliie
511 3798 667 3847 inueniretur
675 3798 765 3861 prior,
783 3797 810 3844 in
827 3812 882 3860 sap.
896 3799 954 3856 ete,
972 3809 990 3844 a
1003 3795 1104 3844 Deinde
1116 3811 1170 3844 Μ
1182 3797 1294 3845 seniores

121 3866 206 3932 'brim
215 3898 232 3930 a
241 3883 283 3931 dei
295 3882 414 3931 laudibus
424 3888 555 3941 uacarent,
575 3884 632 3947 ipsa
644 3882 708 3932 nibil
720 3882 836 3938 uacabat,
855 3882 894 3930 ita
911 3887 940 3931 ut
952 3882 978 3930 in
991 3881 1110 3931 lendibus
1121 3885 1146 3930 et
1158 3882 1184 3930 in
1196 3882 1293 3946 ripiliie

121 3947 153 4001 ‘tl
161 3962 220 4014 aaa
227 3969 302 4031 pricr
313 3984 344 4016 ea
357 3968 525 4027 inueniretur,
541 3969 616 4018 nulle
628 3969 654 4017 in
665 3985 720 4032 sap.
735 3971 786 4017 etc.
812 3965 876 4016 Cum
889 3979 906 4015 Δ
920 3967 988 4016 lecit
1000 3980 1032 4025 n,
1050 3966 1098 4016 sed
1111 3981 1153 4016 om
1167 3967 1194 4015 r'n
1204 3967 1291 4016 basil.

122 4031 220 4098 “filsea
239 4053 243 4118 Ι
262 4053 453 4102 acuminibus
470 4079 478 4090 ·
496 4055 523 4103 in
536 4055 655 4105 castitate
673 4053 700 4115 (Β
719 4051 881 4117 inpunitate)
900 4078 909 4089 -
924 4052 1067 4117 perfectior
1084 4062 1115 4101 nt
1127 4065 1196 4112 cnn;
1214 4067 1231 4101 e
1249 4068 1291 4102 om

124 4117 241 4194 Micia
258 4138 323 4188 item
342 4139 367 4185 in
380 4123 491 4187 caritate
503 4155 553 4203 usq
562 4141 663 4204 purior.
687 4153 704 4188 Β
716 4143 741 4188 et
758 4139 785 4187 in
797 4139 907 4188 caritate
916 4137 1058 4202 gloriosior
1069 4141 1094 4185 et
1111 4138 1137 4187 in
1148 4139 1256 4186 canticis
1267 4142 1292 4187 et

125 4216 246 4272 ‘mitibus
255 4222 398 4287 elegantior
409 4228 434 4272 et
446 4225 472 4272 in
484 4227 551 4274 omni
563 4225 610 4273 uir.
620 4225 689 4290 pers.
711 4222 714 4288 Ι
732 4238 750 4273 s
763 4225 835 4273 Erat
846 4224 945 4287 quidem
964 4222 968 4290 Ι
989 4227 1120 4273 constane:
1138 4236 1157 4272 n
1170 4226 1242 4272 casta
1256 4219 1260 4287 Ι
1274 4235 1292 4272 Β

126 4292 261 4357 “Willis
273 4310 369 4358 omisso
384 4310 510 4358 ienruutab.
525 4310 528 4374 Ι
543 4315 618 4374 atque
631 4309 681 4372 (ita
691 4321 742 4370 οὓς
756 4321 809 4358 nen
819 4310 855 4372 et)
868 4310 962 4360 cotidie
974 4308 1025 4370 (ita
1034 4320 1125 4367 annm
1138 4320 1153 4356 c
1167 4308 1290 4371 parotidi)

127 4365 168 4433 lue
179 4389 271 4442 uerna
284 4394 376 4460 prope.
390 4393 417 4456 (e
426 4394 650 4461 proficisceretur)
664 4400 695 4444 us
707 4407 758 4456 ce,
777 4407 814 4445 un
831 4396 858 4444 n
869 4392 1136 4456 menrasense
1153 4393 1179 4442 n
1191 4392 1291 4456 mern)

126 4465 244 4534 mbram
255 4492 271 4528 Β
282 4479 372 4530 melior
383 4486 459 4544 atque
470 4481 560 4531 melior
572 4480 713 4530 transiebat
