2896 5062
333 390 534 442 DESCBNSUS
554 390 696 441 CHRISTI
714 391 760 439 Al)
780 389 940 441 INFEROS.
966 391 997 459 Ῑ01
1198 388 1262 451 419

58 563 136 607 rum
165 541 266 607 luerit
290 547 509 625 compertum,
540 542 629 625 quod
651 538 803 606 Karinus
826 546 860 605 et
881 540 1024 605 Leueius
1046 537 1110 605 uiri
1132 561 1262 624 perma-

58 647 165 708 neant
194 645 228 708 in
261 665 416 727 corpore,
453 652 488 710 et
518 645 545 709 si
577 666 636 709 nos
668 665 724 709 eos
755 644 858 708 oculis
890 643 1012 710 nostris
1043 643 1263 726 contemplari

58 747 259 829 poterimuS,
290 751 370 811 tunc
398 768 459 829 per
486 747 597 813 omnia
618 768 732 812 verum
761 747 922 830 estquod
945 748 999 811 isti
1022 747 1263 812 testificantur:

60 848 269 913 invenientes
284 869 372 930 vero,
393 849 518 913 illi‘nos
534 854 643 913 certos
658 848 698 913 de
720 848 874 914 omnibus
893 848 1023 915 facient.
1068 847 1129 914 Sin
1151 854 1263 914 autem

61 954 208 1035 minime,
230 955 344 1020 sciatis
368 955 447 1038 quia
468 956 580 1020 omnia
601 955 743 1020 mentita
765 959 851 1020 sunt.

150 1084 273 1149 ⁴Tunc
301 1085 410 1149 subito
439 1090 513 1150 orto
542 1085 678 1149 oonsilio
706 1084 834 1167 placuit
862 1085 908 1149 eis
937 1086 1058 1167 eligere
1081 1084 1168 1148 viros
1196 1082 1264 1148 ido-

62 1208 144 1254 ncos
166 1187 264 1253 deum
286 1187 449 1271 timentes
472 1194 506 1252 et
529 1189 587 1271 qui
609 1194 771 1253 noverant
791 1189 923 1276 quando
944 1188 993 1252 illi
1017 1187 1165 1252 defuncti
1188 1193 1266 1251 sunt

32 1314 36 1319 ·
64 1298 99 1358 et
131 1293 335 1376 sepulturam
366 1292 424 1357 ubi
455 1293 578 1376 sepulti
611 1299 700 1375 sunt,
731 1298 769 1357 ut
795 1292 972 1377 diligenter
997 1293 1207 1376 inquirerent
1232 1296 1267 1355 et

63 1393 218 1460 viderent
240 1397 267 1460 si
291 1395 339 1460 ita
362 1401 413 1460 est
435 1396 523 1461 siout
544 1396 728 1461 audierant
772 1396 997 1462 Perrexerunt
1017 1396 1130 1479 itaque
1146 1395 1267 1461 ibidem

64 1500 129 1565 viri
156 1521 293 1566 numero
320 1500 521 1584 quindecim,
552 1503 607 1585 qui
636 1522 696 1584 per
723 1501 833 1566 omnia
863 1501 898 1565 in
925 1501 1122 1566 dormitione
1155 1521 1268 1565 eorum

65 1602 206 1668 aderant
236 1609 270 1668 et
301 1602 440 1685 pedibus
472 1604 540 1668 suis
573 1609 735 1669 steterant
762 1603 820 1668 ubi
848 1604 969 1686 sepulti
997 1609 1075 1668 sunt
1101 1608 1134 1668 et
1156 1624 1269 1668 monu-

64 1708 181 1769 menta
216 1725 332 1770 eorum
365 1705 624 1788 perspicuerent.
677 1704 744 1789 Qui
774 1705 944 1770 venientes
974 1706 1172 1770 invenerunt
1202 1726 1269 1769 mo-

65 1811 226 1872 numenta
249 1828 363 1873 eorum
385 1813 505 1892 aperta
528 1807 650 1872 etalio
673 1828 773 1891 quam
801 1808 958 1889 plurima,
990 1814 1024 1873 et
1050 1829 1111 1873 neo
1138 1807 1268 1892 signum

65 1932 107 1976 ex
140 1911 269 1975 ossibus
301 1919 360 1977 aut
391 1935 431 1978 ex
459 1912 596 1995 pulvere
629 1932 742 1976 eorum
773 1911 979 1976 invenerunt.
1023 1912 1070 1976 Et
1097 1910 1158 1975 sub
1181 1910 1269 1974 omni

64 2016 280 2082 festinatione
303 2022 509 2082 revertentes
533 2017 720 2082 retulerunt
742 2037 828 2098 quae
850 2014 1013 2081 viderant.

155 2145 278 2212 ⁶Tunc
314 2169 463 2213 moerore
500 2148 601 2212 nimio
640 2146 840 2212 conturbata
878 2151 929 2211 est
964 2146 1071 2210 omnis
1104 2166 1272 2230 synagoga

65 2269 196 2333 eorum,
229 2255 262 2314 et
290 2250 445 2315 dixerunt
471 2249 514 2314 ad
545 2250 703 2315 invicem:
740 2248 829 2335 Quid
860 2248 1045 2315 faciemus?
1089 2249 1208 2313 Annae
1239 2252 1273 2313 et

65 2354 214 2437 Caiphae
237 2356 408 2420 dixerunt:
440 2353 636 2438 Dirigamus
664 2354 721 2418 ubi
751 2353 934 2418 audivimus
962 2375 1018 2418 eos
1041 2374 1129 2435 esse,
1160 2355 1272 2418 mitta·

64 2477 208 2540 musque
236 2458 278 2523 ad
308 2479 366 2522 eos
389 2458 477 2522 viros
500 2457 540 2522 de
569 2456 800 2540 nobilioribus,
832 2460 989 2541 rogantes
1017 2477 1074 2521 eos
1103 2461 1136 2520 et
1159 2456 1273 2540 depre-

68 2564 204 2623 cantes:
236 2558 376 2624 forsitan
399 2558 622 2643 dignabuntur
644 2558 754 2622 venire
783 2557 825 2623 ad
852 2580 921 2625 nos.
966 2557 1060 2623 Tunc
1082 2558 1275 2624 direxerunt

68 2660 113 2726 ad
136 2682 192 2727 eos
214 2659 433 2727 Nicodemum
456 2668 489 2728 et
511 2662 633 2745 Ioseph
663 2667 697 2726 et
724 2662 903 2727 tresviros
930 2662 1079 2728 rabbites
1102 2661 1276 2730 Galilaeos

71 2859 287 2867 -.-—-———.-

70 2994 99 3057 (u
118 3010 161 3044 om
179 3011 218 3044 oe.
237 3012 296 3051 ηας
319 2993 423 3047 romili
439 2993 534 3052 nostri)
553 3010 591 3043 oo.
607 2993 750 3056 poterimus
768 2993 797 3055 (Δ
811 2992 955 3057 potuerint)
980 2993 984 3055 Ι
1008 2998 1067 3043 tnnc
1085 3009 1135 3059 per
1152 3010 1217 3044 omn.
1235 3012 1274 3045 ne·

70 3095 128 3128 nm
150 3086 188 3128 eet
205 3081 271 3143 qnod
298 3079 327 3141 (Β
349 3095 411 3128 uera
432 3082 491 3127 aunt
514 3078 588 3142 quoe)
611 3103 620 3114 ·
639 3078 793 3127 inuenientes
809 3093 869 3126 nero
888 3076 915 3138 (Α
933 3081 958 3125 et
975 3079 1007 3126 de
1024 3079 1061 3127 eir
1080 3079 1246 3139 inveniendis)
1265 3109 1276 3121 -

70 3168 173 3216 minime
197 3166 227 3228 (Β
250 3167 304 3231 om)
327 3167 412 3217 omnia
436 3166 464 3224 (Β
488 3164 542 3228 om)
566 3166 671 3214 mentita
696 3165 725 3226 (Β
746 3165 818 3214 nobis
838 3164 947 3226 mentite)
969 3170 1028 3214 sant
1051 3202 1058 3216 .
1080 3203 1087 3216 .
1111 3181 1126 3217 (¹
1150 3174 1277 3232 corrupte

72 3255 125 3302 eie:
151 3258 176 3302 et
200 3253 250 3314 ipsi
272 3259 380 3302 namot
403 3253 474 3302 nobis
497 3253 574 3309 baem·
598 3255 666 3300 certe
688 3267 737 3300 non
761 3255 799 3299 ert
821 3251 868 3300 hor
885 3267 964 3300 ronan
981 3255 1072 3300 mentia
1090 3252 1149 3316 qnia
1166 3269 1216 3301 non
1234 3253 1275 3302 de·

72 3339 142 3388 beret
165 3340 278 3389 eredere.
315 3339 440 3403 Alioquin
458 3339 587 3390 medemur
604 3340 665 3403 quia
683 3355 748 3403 qnae
765 3355 843 3403 nequ
859 3355 926 3388 nm
943 3340 1013 3388 dicto
1033 3343 1103 3398 mut,
1126 3357 1179 3389 erre
1197 3343 1276 3390 irrita

71 3430 96 3473 rt
112 3440 191 3473 rnna.

159 3530 186 3577 4.
226 3527 294 3576 stne
314 3527 368 3578 nub.
387 3532 445 3577 orto
468 3528 497 3590 (Β
516 3526 609 3588 accito)
629 3528 735 3576 coneilio
754 3527 819 3590 (sic)
838 3554 847 3563 ·
866 3531 982 3576 timenter
999 3542 1057 3576 oum
1077 3540 1111 3577 ΔΒ
1131 3563 1161 3577 ..
1181 3542 1196 3579 c
1215 3530 1276 3578 Ele·

69 3618 165 3676 yer-unt
181 3613 269 3676 itaque
293 3615 364 3662 niret
384 3615 466 3663 innotos
486 3615 526 3662 de.
546 3616 599 3663 tim.
629 3613 634 3677 Ι
664 3608 764 3678 quoinde
783 3614 826 3662 illi
846 3615 877 3661 de
900 3630 921 3663 n.
942 3630 999 3662 uum
1018 3627 1052 3664 nu
1073 3648 1103 3663 ..
1123 3627 1138 3663 c
1158 3615 1278 3664 Corium

72 3703 98 3746 et
115 3696 234 3745 Latium
251 3712 304 3746 nme
321 3697 474 3762 defunctos!
490 3703 516 3747 et
532 3698 658 3760 sepultor.
679 3700 706 3760 (c
725 3698 844 3762 repetens
862 3699 957 3759 comen)
975 3698 1019 3745 nbi
1035 3714 1069 3748 ee.
1088 3715 1109 3747 n.
1130 3698 1157 3759 (c
1167 3699 1279 3763 sumat

68 3784 164 3846 potiti)
183 3788 212 3833 ut
228 3785 367 3849 dilipenter
384 3801 443 3835 oum
463 3800 495 3836 nt*
516 3822 545 3836 ..
566 3798 583 3835 Β
600 3790 629 3834 nt
646 3785 785 3849 dilipenter
803 3785 926 3848 nepmltnr.
945 3802 1030 3834 eorum
1046 3786 1051 3847 Ι
1067 3787 1173 3836 Pernen.
1192 3788 1279 3851 itaque

72 3869 137 3917 ibid.
158 3870 186 3931 (c
203 3869 256 3918 add
278 3871 306 3918 in
328 3870 455 3934 repuleris
475 3869 572 3931 eorum)
594 3895 605 3905 ·
627 3871 779 3920 dormitione
798 3870 826 3933 (e
844 3870 935 3931 morte)
954 3885 1005 3921 eor.
1024 3871 1133 3918 oderant
1154 3869 1182 3930 (r
1199 3872 1278 3921 inter·

73 3954 165 4015 nant)
187 3958 214 4001 et
240 3955 349 4018 pedibus
374 3981 385 3990 ·
408 3957 606 4017 peropienerant
632 3953 696 4018 (pro
721 3955 763 4003 bis
787 3955 906 4004 breviter
929 3968 944 4002 r
967 3959 994 4001 et
1016 3955 1134 4003 viderant
1157 3955 1279 4018 mnodo

72 4040 181 4099 snernnt
197 4039 304 4102 sepulti)
323 4066 332 4075 -
351 4056 425 4104 quam
442 4040 557 4102 plurima
575 4055 634 4089 cnm
649 4053 684 4090 nc
698 4076 705 4088 .
719 4075 726 4088 .
742 4042 832 4104 paullo
852 4039 958 4088 brevior
976 4044 1019 4089 eet
1037 4051 1054 4088 Β
1069 4039 1073 4101 Ι
1089 4054 1104 4090 (’
1118 4041 1281 4090 Revertentes

73 4130 158 4175 autem
177 4142 231 4175 enm
242 4127 415 4190 festinatione

162 4231 189 4280 5.
225 4231 561 4282 eornm..s1udceonnon
587 4229 592 4292 Ι
616 4244 692 4281 com
716 4233 784 4279 Ann.
804 4235 829 4277 et
848 4230 892 4277 θα.
911 4231 965 4278 dir.
989 4225 995 4295 Ι
1019 4230 1106 4293 Dii-ip.
1127 4230 1155 4295 (r
1173 4230 1226 4280 add
1244 4230 1279 4279 aa

73 4316 129 4379 eos)
148 4318 218 4366 nbi*-
236 4320 268 4365 de
285 4318 453 4367 nobilioribus
470 4318 497 4379 (n
516 4316 696 4378 nobilissimos)
716 4334 774 4366 oum
793 4330 827 4367 en
847 4352 877 4367 ..
896 4329 913 4367 Β
932 4317 1018 4380 Dirip.
1037 4318 1107 4366 uim
1123 4316 1232 4375 nobiter,
1251 4322 1280 4366 ot

74 4405 197 4453 andinim.
215 4421 259 4453 eon
281 4421 334 4454 ecoe
354 4405 359 4465 Ι
375 4406 495 4469 forsitan
517 4404 620 4468 diynob.
641 4420 699 4452 cum
720 4416 752 4454 Bc
773 4440 802 4454 ..
823 4420 839 4455 Δ
857 4408 886 4452 ut
900 4405 1019 4468 forsitan
1037 4405 1206 4467 dipnamtnr
1220 4407 1226 4463 Ι
1240 4404 1279 4452 di·

73 4493 197 4540 rexerunt
215 4524 247 4540 ..
266 4501 284 4539 Β
300 4490 391 4540 ἄατον.
409 4487 414 4556 Ι
429 4490 489 4538 Nic,
504 4493 530 4538 ct
548 4493 600 4539 lon.
620 4505 678 4538 cnm
697 4501 715 4538 Β
735 4524 765 4538 ..
786 4503 801 4540 c
819 4489 872 4538 add
886 4494 979 4552 patrea
996 4496 1021 4539 et
1038 4489 1191 4546 sacerdotes,
1210 4503 1279 4539 soa·

1008 4592 1063 4642 2i⁸
