<?xml version="1.0" encoding="UTF-8"?>
<!DOCTYPE html PUBLIC "-//W3C//DTD XHTML 1.0 Transitional//EN"
    "http://www.w3.org/TR/xhtml1/DTD/xhtml1-transitional.dtd">
<html xmlns="http://www.w3.org/1999/xhtml" xml:lang="en" lang="en">
 <head>
  <title>
</title>
<meta http-equiv="Content-Type" content="text/html;charset=utf-8" />
  <meta name='ocr-system' content='tesseract 3.04.00' />
  <meta name='ocr-capabilities' content='ocr_page ocr_carea ocr_par ocr_line ocrx_word'/>
</head>
<body>
  <div class='ocr_page' id='page_1' title='image "./evangeliaapocry01tiscgoog_0043.png"; bbox 0 0 2896 5062; ppageno 0'>
   <div class='ocr_carea' id='block_1_1' title="bbox 178 382 912 449">
    <p class='ocr_par' dir='ltr' id='par_1_1' title="bbox 178 382 912 449">
     <span class='ocr_line' id='line_1_1' title="bbox 178 382 912 449; baseline -0.025 1"><span class='ocrx_word' id='word_1_1' title='bbox 178 404 292 449; x_wconf 80' lang='lat' dir='ltr'>XXXVI</span> <span class='ocrx_word' id='word_1_2' title='bbox 642 382 912 433; x_wconf 77' lang='lat' dir='ltr'><strong>PROLEGOMENA.</strong></span> 
     </span>
    </p>
   </div>
   <div class='ocr_carea' id='block_1_2' title="bbox 179 506 1426 1934">
    <p class='ocr_par' dir='ltr' id='par_1_2' title="bbox 179 506 1426 1934">
     <span class='ocr_line' id='line_1_2' title="bbox 179 506 1409 633; baseline -0.005 -29"><span class='ocrx_word' id='word_1_3' title='bbox 179 560 241 622; x_wconf 88' lang='lat' dir='ltr'>par</span> <span class='ocrx_word' id='word_1_4' title='bbox 263 537 296 604; x_wconf 87' lang='lat' dir='ltr'>S.</span> <span class='ocrx_word' id='word_1_5' title='bbox 311 535 486 601; x_wconf 87' lang='lat' dir='ltr'>Pachomc.</span> <span class='ocrx_word' id='word_1_6' title='bbox 525 532 665 598; x_wconf 77' lang='lat' dir='ltr'>Traduit</span> <span class='ocrx_word' id='word_1_7' title='bbox 689 554 745 596; x_wconf 89' lang='lat' dir='ltr'>sur</span> <span class='ocrx_word' id='word_1_8' title='bbox 767 533 816 598; x_wconf 90' lang='lat' dir='ltr'>los</span> <span class='ocrx_word' id='word_1_9' title='bbox 839 538 945 596; x_wconf 75' lang='lat' dir='ltr'>tentes</span> <span class='ocrx_word' id='word_1_10' title='bbox 968 532 1237 614; x_wconf 74' lang='lat' dir='ltr'>cepte-thebains</span> <span class='ocrx_word' id='word_1_11' title='bbox 1259 506 1409 633; x_wconf 63' lang='lat' dir='ltr'>111me</span> 
     </span>
     <span class='ocr_line' id='line_1_3' title="bbox 179 619 1410 726; baseline -0.005 -11"><span class='ocrx_word' id='word_1_12' title='bbox 179 653 351 715; x_wconf 79' lang='lat' dir='ltr'>conserves</span> <span class='ocrx_word' id='word_1_13' title='bbox 373 651 393 710; x_wconf 77' lang='lat' dir='ltr'>t</span> <span class='ocrx_word' id='word_1_14' title='bbox 415 647 448 711; x_wconf 89' lang='lat' dir='ltr'>la</span> <span class='ocrx_word' id='word_1_15' title='bbox 471 645 547 710; x_wconf 88' lang='lat' dir='ltr'><strong>bibl.</strong></span> <span class='ocrx_word' id='word_1_16' title='bbox 563 644 608 708; x_wconf 94' lang='lat' dir='ltr'>du</span> <span class='ocrx_word' id='word_1_17' title='bbox 629 643 695 708; x_wconf 87' lang='lat' dir='ltr'>Roi</span> <span class='ocrx_word' id='word_1_18' title='bbox 718 664 780 726; x_wconf 86' lang='lat' dir='ltr'>par</span> <span class='ocrx_word' id='word_1_19' title='bbox 802 643 849 708; x_wconf 89' lang='lat' dir='ltr'>M.</span> <span class='ocrx_word' id='word_1_20' title='bbox 865 619 1024 708; x_wconf 72' lang='lat' dir='ltr'>lldouard</span> <span class='ocrx_word' id='word_1_21' title='bbox 1048 643 1241 709; x_wconf 87' lang='lat' dir='ltr'>Dulaurier.</span> <span class='ocrx_word' id='word_1_22' title='bbox 1283 636 1410 710; x_wconf 59' lang='lat' dir='ltr'>Par&#39;Js</span> 
     </span>
     <span class='ocr_line' id='line_1_4' title="bbox 183 755 1413 840; baseline -0.003 -15"><span class='ocrx_word' id='word_1_23' title='bbox 183 762 273 825; x_wconf 82' lang='lat'><strong>1835.</strong></span> <span class='ocrx_word' id='word_1_24' title='bbox 317 758 366 824; x_wconf 79' lang='lat' dir='ltr'>Of.</span> <span class='ocrx_word' id='word_1_25' title='bbox 388 758 434 823; x_wconf 94' lang='lat' dir='ltr'>ibi</span> <span class='ocrx_word' id='word_1_26' title='bbox 457 779 529 840; x_wconf 86' lang='lat' dir='ltr'>pag.</span> <span class='ocrx_word' id='word_1_27' title='bbox 548 758 695 838; x_wconf 82' lang='lat' dir='ltr'>23-2e.‚</span> <span class='ocrx_word' id='word_1_28' title='bbox 717 755 774 820; x_wconf 89' lang='lat' dir='ltr'>ubi</span> <span class='ocrx_word' id='word_1_29' title='bbox 797 777 952 838; x_wconf 83' lang='lat' dir='ltr'>magnam</span> <span class='ocrx_word' id='word_1_30' title='bbox 974 762 1104 839; x_wconf 89' lang='lat' dir='ltr'>partem</span> <span class='ocrx_word' id='word_1_31' title='bbox 1127 755 1305 840; x_wconf 82' lang='lat' dir='ltr'>fragmenti</span> <span class='ocrx_word' id='word_1_32' title='bbox 1323 764 1413 821; x_wconf 53' lang='lat' dir='ltr'>set·</span> 
     </span>
     <span class='ocr_line' id='line_1_5' title="bbox 179 867 1416 957; baseline -0.003 -21"><span class='ocrx_word' id='word_1_33' title='bbox 179 871 280 936; x_wconf 88' lang='lat' dir='ltr'>hidici</span> <span class='ocrx_word' id='word_1_34' title='bbox 304 870 550 952; x_wconf 78' lang='lat' dir='ltr'><strong>interpretatur.</strong></span> <span class='ocrx_word' id='word_1_35' title='bbox 594 867 776 957; x_wconf 65' lang='lat' dir='ltr'>Eraefatur</span> <span class='ocrx_word' id='word_1_36' title='bbox 798 871 908 930; x_wconf 86' lang='lat' dir='ltr'>autem</span> <span class='ocrx_word' id='word_1_37' title='bbox 931 888 1006 949; x_wconf 86' lang='lat' dir='ltr'>pag.</span> <span class='ocrx_word' id='word_1_38' title='bbox 1021 870 1072 932; x_wconf 81' lang='lat'>23.</span> <span class='ocrx_word' id='word_1_39' title='bbox 1095 868 1184 932; x_wconf 89' lang='lat' dir='ltr'>inter</span> <span class='ocrx_word' id='word_1_40' title='bbox 1202 867 1268 932; x_wconf 89' lang='lat' dir='ltr'>alia</span> <span class='ocrx_word' id='word_1_41' title='bbox 1286 869 1383 933; x_wconf 59' lang='lat' dir='ltr'>bue&amp;</span> <span class='ocrx_word' id='word_1_42' title='bbox 1409 871 1416 912; x_wconf 78' lang='lat'>²</span> 
     </span>
     <span class='ocr_line' id='line_1_6' title="bbox 179 977 1420 1064; baseline -0.003 -17"><span class='ocrx_word' id='word_1_43' title='bbox 179 984 234 1047; x_wconf 87' lang='lat' dir='ltr'>En</span> <span class='ocrx_word' id='word_1_44' title='bbox 257 987 451 1064; x_wconf 87' lang='lat' dir='ltr'>comparant</span> <span class='ocrx_word' id='word_1_45' title='bbox 472 979 519 1044; x_wconf 89' lang='lat' dir='ltr'>les</span> <span class='ocrx_word' id='word_1_46' title='bbox 541 980 642 1043; x_wconf 75' lang='lat' dir='ltr'>recita</span> <span class='ocrx_word' id='word_1_47' title='bbox 662 977 702 1042; x_wconf 91' lang='lat' dir='ltr'>de</span> <span class='ocrx_word' id='word_1_48' title='bbox 725 977 893 1042; x_wconf 78' lang='lat' dir='ltr'>l&#39;ecrirain</span> <span class='ocrx_word' id='word_1_49' title='bbox 916 978 1017 1043; x_wconf 84' lang='lat' dir='ltr'>arabe</span> <span class='ocrx_word' id='word_1_50' title='bbox 1041 1000 1122 1043; x_wconf 85' lang='lat' dir='ltr'>avec</span> <span class='ocrx_word' id='word_1_51' title='bbox 1145 1000 1228 1044; x_wconf 83' lang='lat' dir='ltr'>ceux</span> <span class='ocrx_word' id='word_1_52' title='bbox 1243 978 1283 1044; x_wconf 95' lang='lat' dir='ltr'>de</span> <span class='ocrx_word' id='word_1_53' title='bbox 1300 979 1376 1045; x_wconf 73' lang='lat' dir='ltr'>l&#39;au</span> <span class='ocrx_word' id='word_1_54' title='bbox 1389 1000 1420 1015; x_wconf 70' lang='lat'><em>⁶</em></span> 
     </span>
     <span class='ocr_line' id='line_1_7' title="bbox 179 1085 1422 1175; baseline -0.002 -17"><span class='ocrx_word' id='word_1_55' title='bbox 179 1100 255 1158; x_wconf 86' lang='lat' dir='ltr'>teur</span> <span class='ocrx_word' id='word_1_56' title='bbox 282 1099 392 1175; x_wconf 85' lang='lat' dir='ltr'>copta,</span> <span class='ocrx_word' id='word_1_57' title='bbox 425 1113 469 1156; x_wconf 91' lang='lat' dir='ltr'>on</span> <span class='ocrx_word' id='word_1_58' title='bbox 496 1112 529 1154; x_wconf 87' lang='lat' dir='ltr'>se</span> <span class='ocrx_word' id='word_1_59' title='bbox 558 1090 754 1154; x_wconf 84' lang='lat' dir='ltr'>conraincra</span> <span class='ocrx_word' id='word_1_60' title='bbox 778 1110 842 1170; x_wconf 89' lang='lat' dir='ltr'>que</span> <span class='ocrx_word' id='word_1_61' title='bbox 868 1088 1034 1172; x_wconf 83' lang='lat' dir='ltr'>l&#39;ourrage</span> <span class='ocrx_word' id='word_1_62' title='bbox 1057 1089 1101 1154; x_wconf 95' lang='lat' dir='ltr'>du</span> <span class='ocrx_word' id='word_1_63' title='bbox 1129 1091 1274 1172; x_wconf 85' lang='lat' dir='ltr'><strong>premier</strong></span> <span class='ocrx_word' id='word_1_64' title='bbox 1299 1085 1422 1156; x_wconf 68' lang='lat' dir='ltr'>n&#39;es1</span> 
     </span>
     <span class='ocr_line' id='line_1_8' title="bbox 181 1197 1423 1289; baseline -0.002 -20"><span class='ocrx_word' id='word_1_65' title='bbox 181 1209 301 1289; x_wconf 90' lang='lat' dir='ltr'>qu’une</span> <span class='ocrx_word' id='word_1_66' title='bbox 324 1202 515 1268; x_wconf 86' lang='lat' dir='ltr'>traduction</span> <span class='ocrx_word' id='word_1_67' title='bbox 537 1201 677 1284; x_wconf 70' lang='lat' dir='ltr'>abrigee</span> <span class='ocrx_word' id='word_1_68' title='bbox 700 1199 740 1264; x_wconf 92' lang='lat' dir='ltr'>de</span> <span class='ocrx_word' id='word_1_69' title='bbox 763 1197 929 1282; x_wconf 87' lang='lat' dir='ltr'>l&#39;original</span> <span class='ocrx_word' id='word_1_70' title='bbox 951 1200 1114 1282; x_wconf 77' lang='lat' dir='ltr'>egyptien.</span> <span class='ocrx_word' id='word_1_71' title='bbox 1138 1238 1150 1250; x_wconf 94' lang='lat'><strong>·</strong></span> <span class='ocrx_word' id='word_1_72' title='bbox 1175 1200 1274 1267; x_wconf 83' lang='lat' dir='ltr'>Oette</span> <span class='ocrx_word' id='word_1_73' title='bbox 1294 1223 1423 1267; x_wconf 84' lang='lat' dir='ltr'>com·-</span> 
     </span>
     <span class='ocr_line' id='line_1_9' title="bbox 179 1310 1424 1399; baseline -0.006 -18"><span class='ocrx_word' id='word_1_74' title='bbox 179 1318 326 1399; x_wconf 89' lang='lat' dir='ltr'>position</span> <span class='ocrx_word' id='word_1_75' title='bbox 359 1336 393 1378; x_wconf 88' lang='lat' dir='ltr'>se</span> <span class='ocrx_word' id='word_1_76' title='bbox 424 1312 575 1377; x_wconf 86' lang='lat' dir='ltr'>rattache</span> <span class='ocrx_word' id='word_1_77' title='bbox 607 1317 685 1392; x_wconf 88' lang='lat' dir='ltr'>trop</span> <span class='ocrx_word' id='word_1_78' title='bbox 717 1310 934 1375; x_wconf 76' lang='lat' dir='ltr'>eridemment</span> <span class='ocrx_word' id='word_1_79' title='bbox 961 1332 1023 1393; x_wconf 90' lang='lat' dir='ltr'>par</span> <span class='ocrx_word' id='word_1_80' title='bbox 1049 1310 1080 1375; x_wconf 91' lang='lat' dir='ltr'>le</span> <span class='ocrx_word' id='word_1_81' title='bbox 1109 1311 1190 1377; x_wconf 88' lang='lat' dir='ltr'>fond</span> <span class='ocrx_word' id='word_1_82' title='bbox 1212 1311 1271 1377; x_wconf 85' lang='lat' dir='ltr'>des</span> <span class='ocrx_word' id='word_1_83' title='bbox 1292 1311 1424 1377; x_wconf 70' lang='lat' dir='ltr'>idios</span> 
     </span>
     <span class='ocr_line' id='line_1_10' title="bbox 180 1398 1425 1506; baseline -0.005 -13"><span class='ocrx_word' id='word_1_84' title='bbox 180 1449 245 1493; x_wconf 86' lang='lat' dir='ltr'>aux</span> <span class='ocrx_word' id='word_1_85' title='bbox 261 1425 427 1491; x_wconf 80' lang='lat' dir='ltr'>doctrines</span> <span class='ocrx_word' id='word_1_86' title='bbox 442 1422 700 1504; x_wconf 75' lang='lat' dir='ltr'>theosophiques</span> <span class='ocrx_word' id='word_1_87' title='bbox 723 1420 804 1486; x_wconf 89' lang='lat' dir='ltr'>dont</span> <span class='ocrx_word' id='word_1_88' title='bbox 825 1398 979 1504; x_wconf 69' lang='lat' dir='ltr'>l&#39;l&#39;ilgppte</span> <span class='ocrx_word' id='word_1_89' title='bbox 1003 1422 1054 1486; x_wconf 83' lang='lat' dir='ltr'>fut</span> <span class='ocrx_word' id='word_1_90' title='bbox 1076 1423 1110 1487; x_wconf 95' lang='lat' dir='ltr'>la</span> <span class='ocrx_word' id='word_1_91' title='bbox 1132 1424 1250 1506; x_wconf 86' lang='lat' dir='ltr'>patrie,</span> <span class='ocrx_word' id='word_1_92' title='bbox 1273 1429 1425 1506; x_wconf 82' lang='lat' dir='ltr'>etpa1</span> 
     </span>
     <span class='ocr_line' id='line_1_11' title="bbox 181 1531 1426 1618; baseline -0.005 -17"><span class='ocrx_word' id='word_1_93' title='bbox 181 1559 242 1602; x_wconf 88' lang='lat' dir='ltr'>son</span> <span class='ocrx_word' id='word_1_94' title='bbox 265 1536 348 1618; x_wconf 81' lang='lat' dir='ltr'>style</span> <span class='ocrx_word' id='word_1_95' title='bbox 373 1539 393 1599; x_wconf 73' lang='grc' dir='ltr'>ἐι</span> <span class='ocrx_word' id='word_1_96' title='bbox 415 1556 451 1598; x_wconf 89' lang='lat' dir='ltr'>ce</span> <span class='ocrx_word' id='word_1_97' title='bbox 472 1537 641 1598; x_wconf 76' lang='lat' dir='ltr'>caractere</span> <span class='ocrx_word' id='word_1_98' title='bbox 656 1532 696 1596; x_wconf 84' lang='lat' dir='ltr'>do</span> <span class='ocrx_word' id='word_1_99' title='bbox 713 1531 887 1614; x_wconf 78' lang='lat' dir='ltr'>simplicite</span> <span class='ocrx_word' id='word_1_100' title='bbox 904 1533 960 1615; x_wconf 92' lang='lat' dir='ltr'>qui</span> <span class='ocrx_word' id='word_1_101' title='bbox 977 1538 1027 1597; x_wconf 87' lang='lat' dir='ltr'>est</span> <span class='ocrx_word' id='word_1_102' title='bbox 1042 1553 1164 1615; x_wconf 89' lang='lat' dir='ltr'>propre</span> <span class='ocrx_word' id='word_1_103' title='bbox 1180 1537 1201 1598; x_wconf 77' lang='lat' dir='ltr'>b</span> <span class='ocrx_word' id='word_1_104' title='bbox 1216 1533 1250 1598; x_wconf 93' lang='lat' dir='ltr'>la</span> <span class='ocrx_word' id='word_1_105' title='bbox 1263 1535 1426 1618; x_wconf 76' lang='lat' dir='ltr'>langue</span> 
     </span>
     <span class='ocr_line' id='line_1_12' title="bbox 181 1642 1424 1730; baseline -0.006 -18"><span class='ocrx_word' id='word_1_106' title='bbox 181 1652 287 1730; x_wconf 82' lang='lat' dir='ltr'>cepte,</span> <span class='ocrx_word' id='word_1_107' title='bbox 302 1669 385 1728; x_wconf 90' lang='lat' dir='ltr'>pour</span> <span class='ocrx_word' id='word_1_108' title='bbox 399 1645 477 1728; x_wconf 88' lang='lat' dir='ltr'>qu&#39;il</span> <span class='ocrx_word' id='word_1_109' title='bbox 494 1645 561 1709; x_wconf 85' lang='lat' dir='ltr'>soit</span> <span class='ocrx_word' id='word_1_110' title='bbox 575 1644 722 1725; x_wconf 88' lang='lat' dir='ltr'>possible</span> <span class='ocrx_word' id='word_1_111' title='bbox 739 1642 778 1708; x_wconf 89' lang='lat' dir='ltr'>de</span> <span class='ocrx_word' id='word_1_112' title='bbox 794 1664 953 1726; x_wconf 85' lang='lat' dir='ltr'>supposer</span> <span class='ocrx_word' id='word_1_113' title='bbox 969 1665 1033 1726; x_wconf 90' lang='lat' dir='ltr'>que</span> <span class='ocrx_word' id='word_1_114' title='bbox 1048 1644 1214 1728; x_wconf 86' lang='lat' dir='ltr'>l’original</span> <span class='ocrx_word' id='word_1_115' title='bbox 1229 1646 1309 1712; x_wconf 86' lang='lat' dir='ltr'>n’ait</span> <span class='ocrx_word' id='word_1_116' title='bbox 1321 1662 1424 1729; x_wconf 68' lang='lat' dir='ltr'>pas</span> 
     </span>
     <span class='ocr_line' id='line_1_13' title="bbox 181 1753 1425 1839; baseline -0.005 -16"><span class='ocrx_word' id='word_1_117' title='bbox 181 1763 233 1823; x_wconf 76' lang='lat' dir='ltr'>ete</span> <span class='ocrx_word' id='word_1_118' title='bbox 256 1757 340 1822; x_wconf 79' lang='lat' dir='ltr'>ecrit</span> <span class='ocrx_word' id='word_1_119' title='bbox 359 1779 400 1821; x_wconf 91' lang='lat' dir='ltr'>en</span> <span class='ocrx_word' id='word_1_120' title='bbox 422 1761 474 1821; x_wconf 89' lang='lat' dir='ltr'>cet</span> <span class='ocrx_word' id='word_1_121' title='bbox 494 1755 625 1837; x_wconf 87' lang='lat' dir='ltr'>idiome,</span> <span class='ocrx_word' id='word_1_122' title='bbox 648 1761 681 1820; x_wconf 93' lang='lat' dir='ltr'>et</span> <span class='ocrx_word' id='word_1_123' title='bbox 697 1753 776 1837; x_wconf 89' lang='lat' dir='ltr'>qu&#39;il</span> <span class='ocrx_word' id='word_1_124' title='bbox 796 1755 844 1818; x_wconf 87' lang='lat' dir='ltr'>ait</span> <span class='ocrx_word' id='word_1_125' title='bbox 867 1777 908 1818; x_wconf 82' lang='lat' dir='ltr'>ru</span> <span class='ocrx_word' id='word_1_126' title='bbox 930 1754 960 1818; x_wconf 83' lang='lat' dir='ltr'>le</span> <span class='ocrx_word' id='word_1_127' title='bbox 980 1754 1058 1837; x_wconf 80' lang='lat' dir='ltr'>jour</span> <span class='ocrx_word' id='word_1_128' title='bbox 1080 1755 1215 1820; x_wconf 84' lang='lat' dir='ltr'>ailleurs</span> <span class='ocrx_word' id='word_1_129' title='bbox 1239 1778 1303 1839; x_wconf 89' lang='lat' dir='ltr'>que</span> <span class='ocrx_word' id='word_1_130' title='bbox 1325 1771 1425 1822; x_wconf 82' lang='lat' dir='ltr'>su1</span> 
     </span>
     <span class='ocr_line' id='line_1_14' title="bbox 179 1866 505 1934; baseline -0.009 0"><span class='ocrx_word' id='word_1_131' title='bbox 179 1870 228 1934; x_wconf 86' lang='lat' dir='ltr'>les</span> <span class='ocrx_word' id='word_1_132' title='bbox 250 1868 349 1934; x_wconf 87' lang='lat' dir='ltr'>bords</span> <span class='ocrx_word' id='word_1_133' title='bbox 373 1868 416 1932; x_wconf 93' lang='lat' dir='ltr'>du</span> <span class='ocrx_word' id='word_1_134' title='bbox 439 1866 505 1931; x_wconf 85' lang='lat' dir='ltr'>Nil.</span> 
     </span>
    </p>
   </div>
   <div class='ocr_carea' id='block_1_3' title="bbox 416 2069 1143 2138">
    <p class='ocr_par' dir='ltr' id='par_1_3' title="bbox 416 2069 1143 2138">
     <span class='ocr_line' id='line_1_15' title="bbox 416 2069 1143 2138; baseline -0.004 0"><span class='ocrx_word' id='word_1_135' title='bbox 416 2072 458 2138; x_wconf 78' lang='lat' dir='ltr'>V.</span> <span class='ocrx_word' id='word_1_136' title='bbox 495 2071 555 2138; x_wconf 91' lang='lat' dir='ltr'>VI.</span> <span class='ocrx_word' id='word_1_137' title='bbox 592 2069 916 2138; x_wconf 80' lang='lat' dir='ltr'><strong>EVANGELIUM</strong></span> <span class='ocrx_word' id='word_1_138' title='bbox 938 2070 1143 2137; x_wconf 81' lang='lat' dir='ltr'><strong>THOMAE</strong></span> 
     </span>
    </p>
   </div>
   <div class='ocr_carea' id='block_1_4' title="bbox 613 2207 948 2246">
    <p class='ocr_par' dir='ltr' id='par_1_4' title="bbox 613 2207 948 2246">
     <span class='ocr_line' id='line_1_16' title="bbox 613 2207 948 2246; baseline -0.003 -1"><span class='ocrx_word' id='word_1_139' title='bbox 613 2208 719 2246; x_wconf 75' lang='lat' dir='ltr'>GRAEOE</span> <span class='ocrx_word' id='word_1_140' title='bbox 738 2210 765 2245; x_wconf 72' lang='lat' dir='ltr'>A:</span> <span class='ocrx_word' id='word_1_141' title='bbox 796 2207 904 2245; x_wconf 68' lang='lat' dir='ltr'>Gnoses</span> <span class='ocrx_word' id='word_1_142' title='bbox 921 2208 948 2245; x_wconf 87' lang='lat' dir='ltr'>B.</span> 
     </span>
    </p>
   </div>
   <div class='ocr_carea' id='block_1_5' title="bbox 317 2360 1243 2430">
    <p class='ocr_par' dir='ltr' id='par_1_5' title="bbox 317 2360 1243 2430">
     <span class='ocr_line' id='line_1_17' title="bbox 317 2360 1243 2430; baseline 0 -3"><span class='ocrx_word' id='word_1_143' title='bbox 317 2362 398 2428; x_wconf 84' lang='lat' dir='ltr'>VH.</span> <span class='ocrx_word' id='word_1_144' title='bbox 439 2361 761 2428; x_wconf 80' lang='lat' dir='ltr'>EVANGELIUM</span> <span class='ocrx_word' id='word_1_145' title='bbox 784 2360 988 2427; x_wconf 81' lang='grc' dir='ltr'><strong>ΤΗΟΜΑΕ</strong></span> <span class='ocrx_word' id='word_1_146' title='bbox 1011 2361 1243 2430; x_wconf 79' lang='lat' dir='ltr'><strong>LATINUM.</strong></span> 
     </span>
    </p>
   </div>
   <div class='ocr_carea' id='block_1_6' title="bbox 267 2497 1419 2582">
    <p class='ocr_par' dir='ltr' id='par_1_6' title="bbox 267 2497 1419 2582">
     <span class='ocr_line' id='line_1_18' title="bbox 267 2497 1419 2582; baseline 0.003 -19"><span class='ocrx_word' id='word_1_147' title='bbox 267 2499 486 2582; x_wconf 82' lang='lat' dir='ltr'>Evangelium</span> <span class='ocrx_word' id='word_1_148' title='bbox 504 2497 653 2562; x_wconf 75' lang='lat' dir='ltr'>Thomas</span> <span class='ocrx_word' id='word_1_149' title='bbox 676 2497 792 2561; x_wconf 82' lang='lat' dir='ltr'>eadem</span> <span class='ocrx_word' id='word_1_150' title='bbox 815 2498 883 2562; x_wconf 88' lang='lat' dir='ltr'>sere</span> <span class='ocrx_word' id='word_1_151' title='bbox 907 2520 981 2562; x_wconf 90' lang='lat' dir='ltr'>cum</span> <span class='ocrx_word' id='word_1_152' title='bbox 999 2498 1113 2563; x_wconf 87' lang='lat' dir='ltr'>Iacobi</span> <span class='ocrx_word' id='word_1_153' title='bbox 1131 2499 1216 2564; x_wconf 88' lang='lat' dir='ltr'>libro</span> <span class='ocrx_word' id='word_1_154' title='bbox 1225 2501 1250 2582; x_wconf 90' lang='lat'>1)</span> <span class='ocrx_word' id='word_1_155' title='bbox 1275 2507 1311 2566; x_wconf 89' lang='lat' dir='ltr'>et</span> <span class='ocrx_word' id='word_1_156' title='bbox 1327 2519 1419 2567; x_wconf 71' lang='lat' dir='ltr'>aa·</span> 
     </span>
    </p>
   </div>
   <div class='ocr_carea' id='block_1_7' title="bbox 181 2608 1418 2803">
    <p class='ocr_par' dir='ltr' id='par_1_7' title="bbox 181 2608 1418 2803">
     <span class='ocr_line' id='line_1_19' title="bbox 181 2608 1418 2693; baseline -0.001 -17"><span class='ocrx_word' id='word_1_157' title='bbox 181 2612 336 2693; x_wconf 89' lang='lat' dir='ltr'>tiquitate</span> <span class='ocrx_word' id='word_1_158' title='bbox 359 2613 392 2673; x_wconf 88' lang='lat' dir='ltr'>et</span> <span class='ocrx_word' id='word_1_159' title='bbox 410 2608 601 2673; x_wconf 82' lang='lat' dir='ltr'>celebritate</span> <span class='ocrx_word' id='word_1_160' title='bbox 618 2615 677 2672; x_wconf 86' lang='lat' dir='ltr'>est.</span> <span class='ocrx_word' id='word_1_161' title='bbox 715 2608 877 2674; x_wconf 77' lang='lat' dir='ltr'>Veterum</span> <span class='ocrx_word' id='word_1_162' title='bbox 895 2609 983 2672; x_wconf 89' lang='lat' dir='ltr'>enim</span> <span class='ocrx_word' id='word_1_163' title='bbox 998 2609 1190 2674; x_wconf 88' lang='lat' dir='ltr'>testimonia</span> <span class='ocrx_word' id='word_1_164' title='bbox 1204 2609 1418 2693; x_wconf 61' lang='lat' dir='ltr'>repetendae</span> 
     </span>
     <span class='ocr_line' id='line_1_20' title="bbox 181 2718 1417 2803; baseline 0.002 -16"><span class='ocrx_word' id='word_1_165' title='bbox 181 2729 258 2787; x_wconf 89' lang='lat' dir='ltr'>sunt</span> <span class='ocrx_word' id='word_1_166' title='bbox 290 2722 331 2785; x_wconf 86' lang='lat' dir='ltr'>ab</span> <span class='ocrx_word' id='word_1_167' title='bbox 357 2720 502 2803; x_wconf 83' lang='lat' dir='ltr'>Origene</span> <span class='ocrx_word' id='word_1_168' title='bbox 534 2720 591 2803; x_wconf 91' lang='lat' dir='ltr'>qui</span> <span class='ocrx_word' id='word_1_169' title='bbox 622 2720 707 2785; x_wconf 92' lang='lat' dir='ltr'>hom.</span> <span class='ocrx_word' id='word_1_170' title='bbox 730 2723 755 2783; x_wconf 89' lang='lat'>1.</span> <span class='ocrx_word' id='word_1_171' title='bbox 787 2721 821 2783; x_wconf 91' lang='lat' dir='ltr'>in</span> <span class='ocrx_word' id='word_1_172' title='bbox 852 2718 979 2784; x_wconf 87' lang='lat' dir='ltr'>Lucam</span> <span class='ocrx_word' id='word_1_173' title='bbox 1010 2721 1117 2802; x_wconf 89' lang='lat' dir='ltr'>ipsum</span> <span class='ocrx_word' id='word_1_174' title='bbox 1149 2719 1417 2789; x_wconf 70' lang='lat' dir='ltr'>commemorat</span> 
     </span>
    </p>
   </div>
   <div class='ocr_carea' id='block_1_8' title="bbox 181 2907 1418 4516">
    <p class='ocr_par' dir='ltr' id='par_1_8' title="bbox 181 2907 1418 4516">
     <span class='ocr_line' id='line_1_21' title="bbox 267 2907 1417 2976; baseline 0.004 -19"><span class='ocrx_word' id='word_1_175' title='bbox 267 2907 290 2971; x_wconf 90' lang='lat' dir='ltr'>l)</span> <span class='ocrx_word' id='word_1_176' title='bbox 315 2910 401 2973; x_wconf 85' lang='lat' dir='ltr'>Supra</span> <span class='ocrx_word' id='word_1_177' title='bbox 424 2926 484 2974; x_wconf 79' lang='lat' dir='ltr'>pag.</span> <span class='ocrx_word' id='word_1_178' title='bbox 504 2909 578 2959; x_wconf 82' lang='lat' dir='ltr'><strong>XIII.</strong></span> <span class='ocrx_word' id='word_1_179' title='bbox 602 2925 660 2959; x_wconf 86' lang='lat' dir='ltr'>non</span> <span class='ocrx_word' id='word_1_180' title='bbox 681 2910 748 2958; x_wconf 78' lang='lat' dir='ltr'>satia</span> <span class='ocrx_word' id='word_1_181' title='bbox 773 2912 897 2957; x_wconf 81' lang='lat' dir='ltr'>accurate</span> <span class='ocrx_word' id='word_1_182' title='bbox 920 2909 1035 2957; x_wconf 70' lang='lat' dir='ltr'>vidimus</span> <span class='ocrx_word' id='word_1_183' title='bbox 1063 2909 1101 2958; x_wconf 88' lang='lat' dir='ltr'>de</span> <span class='ocrx_word' id='word_1_184' title='bbox 1129 2910 1264 2961; x_wconf 83' lang='lat' dir='ltr'>Iustino</span> <span class='ocrx_word' id='word_1_185' title='bbox 1292 2912 1417 2976; x_wconf 60' lang='lat' dir='ltr'>prot·</span> 
     </span>
     <span class='ocr_line' id='line_1_22' title="bbox 182 2990 1417 3057; baseline -0.001 -13"><span class='ocrx_word' id='word_1_186' title='bbox 182 2995 355 3057; x_wconf 80' lang='lat' dir='ltr'>evangelii</span> <span class='ocrx_word' id='word_1_187' title='bbox 377 2999 477 3043; x_wconf 87' lang='lat' dir='ltr'>teste.</span> <span class='ocrx_word' id='word_1_188' title='bbox 515 2992 591 3049; x_wconf 86' lang='lat' dir='ltr'>Quod</span> <span class='ocrx_word' id='word_1_189' title='bbox 610 2995 681 3042; x_wconf 87' lang='lat' dir='ltr'>enim</span> <span class='ocrx_word' id='word_1_190' title='bbox 700 2994 747 3043; x_wconf 88' lang='lat' dir='ltr'>ille</span> <span class='ocrx_word' id='word_1_191' title='bbox 768 2992 905 3041; x_wconf 79' lang='lat' dir='ltr'>Christum</span> <span class='ocrx_word' id='word_1_192' title='bbox 924 2994 953 3042; x_wconf 90' lang='lat' dir='ltr'>in</span> <span class='ocrx_word' id='word_1_193' title='bbox 972 2994 1100 3057; x_wconf 80' lang='lat' dir='ltr'>spelunca</span> <span class='ocrx_word' id='word_1_194' title='bbox 1119 2998 1211 3044; x_wconf 78' lang='lat' dir='ltr'>natum</span> <span class='ocrx_word' id='word_1_195' title='bbox 1231 3010 1291 3046; x_wconf 79' lang='lat' dir='ltr'>ene</span> <span class='ocrx_word' id='word_1_196' title='bbox 1308 2990 1417 3047; x_wconf 72' lang='lat' dir='ltr'>dicit</span> 
     </span>
     <span class='ocr_line' id='line_1_23' title="bbox 181 3063 1418 3148; baseline 0.003 -19"><span class='ocrx_word' id='word_1_197' title='bbox 181 3063 210 3130; x_wconf 84' lang='lat' dir='ltr'>id</span> <span class='ocrx_word' id='word_1_198' title='bbox 229 3095 259 3127; x_wconf 88' lang='lat' dir='ltr'>eo</span> <span class='ocrx_word' id='word_1_199' title='bbox 279 3079 363 3141; x_wconf 77' lang='lat' dir='ltr'>magis</span> <span class='ocrx_word' id='word_1_200' title='bbox 383 3095 414 3127; x_wconf 87' lang='lat' dir='ltr'>ex</span> <span class='ocrx_word' id='word_1_201' title='bbox 433 3080 638 3143; x_wconf 78' lang='lat' dir='ltr'>protevrngelio</span> <span class='ocrx_word' id='word_1_202' title='bbox 657 3080 781 3128; x_wconf 78' lang='lat' dir='ltr'>baustum</span> <span class='ocrx_word' id='word_1_203' title='bbox 801 3079 922 3136; x_wconf 85' lang='lat' dir='ltr'>videtur,</span> <span class='ocrx_word' id='word_1_204' title='bbox 946 3080 1071 3142; x_wconf 82' lang='lat' dir='ltr'>quoniam</span> <span class='ocrx_word' id='word_1_205' title='bbox 1093 3081 1227 3131; x_wconf 76' lang='lat' dir='ltr'>accedunt</span> <span class='ocrx_word' id='word_1_206' title='bbox 1245 3084 1301 3133; x_wconf 69' lang='lat' dir='ltr'>ali·</span> <span class='ocrx_word' id='word_1_207' title='bbox 1318 3084 1418 3148; x_wconf 61' lang='lat' dir='ltr'>qm.l</span> 
     </span>
     <span class='ocr_line' id='line_1_24' title="bbox 183 3160 1417 3230; baseline 0 -19"><span class='ocrx_word' id='word_1_208' title='bbox 183 3163 308 3211; x_wconf 78' lang='lat' dir='ltr'>similiter</span> <span class='ocrx_word' id='word_1_209' title='bbox 328 3161 452 3210; x_wconf 82' lang='lat' dir='ltr'>efficiunt</span> <span class='ocrx_word' id='word_1_210' title='bbox 470 3160 604 3209; x_wconf 88' lang='lat' dir='ltr'>lustinum</span> <span class='ocrx_word' id='word_1_211' title='bbox 624 3178 655 3211; x_wconf 91' lang='lat' dir='ltr'>eo</span> <span class='ocrx_word' id='word_1_212' title='bbox 674 3163 743 3210; x_wconf 90' lang='lat' dir='ltr'>libro</span> <span class='ocrx_word' id='word_1_213' title='bbox 762 3179 838 3211; x_wconf 89' lang='lat' dir='ltr'>usum</span> <span class='ocrx_word' id='word_1_214' title='bbox 857 3178 928 3219; x_wconf 81' lang='lat' dir='ltr'>esse,</span> <span class='ocrx_word' id='word_1_215' title='bbox 948 3163 1169 3226; x_wconf 70' lang='lat' dir='ltr'>quemadmodum</span> <span class='ocrx_word' id='word_1_216' title='bbox 1188 3162 1417 3230; x_wconf 69' lang='lat' dir='ltr'>superiectis·</span> 
     </span>
     <span class='ocr_line' id='line_1_25' title="bbox 182 3244 1417 3315; baseline 0.005 -20"><span class='ocrx_word' id='word_1_217' title='bbox 182 3247 247 3295; x_wconf 82' lang='lat' dir='ltr'>sime</span> <span class='ocrx_word' id='word_1_218' title='bbox 272 3246 425 3294; x_wconf 81' lang='lat' dir='ltr'>observarit</span> <span class='ocrx_word' id='word_1_219' title='bbox 443 3244 616 3308; x_wconf 82' lang='lat' dir='ltr'>Hilgenfeld:</span> <span class='ocrx_word' id='word_1_220' title='bbox 645 3246 782 3295; x_wconf 84' lang='lat' dir='ltr'>Kritiscbe</span> <span class='ocrx_word' id='word_1_221' title='bbox 801 3246 1047 3310; x_wconf 79' lang='lat' dir='ltr'>L&#39;ntorsuchungen</span> <span class='ocrx_word' id='word_1_222' title='bbox 1073 3248 1140 3297; x_wconf 79' lang='lat' dir='ltr'>iiber</span> <span class='ocrx_word' id='word_1_223' title='bbox 1157 3248 1201 3298; x_wconf 86' lang='lat' dir='ltr'>die</span> <span class='ocrx_word' id='word_1_224' title='bbox 1220 3249 1417 3315; x_wconf 67' lang='lat' dir='ltr'>Evangeliess</span> 
     </span>
     <span class='ocr_line' id='line_1_26' title="bbox 181 3330 1416 3398; baseline 0.002 -17"><span class='ocrx_word' id='word_1_225' title='bbox 181 3332 288 3381; x_wconf 76' lang='lat' dir='ltr'>lustina</span> <span class='ocrx_word' id='word_1_226' title='bbox 308 3338 361 3382; x_wconf 83' lang='lat' dir='ltr'>etc.</span> <span class='ocrx_word' id='word_1_227' title='bbox 390 3348 416 3394; x_wconf 89' lang='lat' dir='ltr'>p.</span> <span class='ocrx_word' id='word_1_228' title='bbox 439 3331 488 3380; x_wconf 87' lang='grc'>153</span> <span class='ocrx_word' id='word_1_229' title='bbox 508 3346 567 3393; x_wconf 88' lang='lat' dir='ltr'>sqq.</span> <span class='ocrx_word' id='word_1_230' title='bbox 605 3330 764 3379; x_wconf 84' lang='lat' dir='ltr'>Huiusmodi</span> <span class='ocrx_word' id='word_1_231' title='bbox 789 3338 831 3380; x_wconf 88' lang='lat' dir='ltr'>est</span> <span class='ocrx_word' id='word_1_232' title='bbox 853 3333 967 3395; x_wconf 80' lang='lat' dir='ltr'>Apolog.</span> <span class='ocrx_word' id='word_1_233' title='bbox 994 3332 1020 3389; x_wconf 85' lang='lat'>1,</span> <span class='ocrx_word' id='word_1_234' title='bbox 1044 3334 1086 3383; x_wconf 89' lang='grc'>33.</span> <span class='ocrx_word' id='word_1_235' title='bbox 1113 3349 1176 3398; x_wconf 77' lang='lat' dir='ltr'>pag.</span> <span class='ocrx_word' id='word_1_236' title='bbox 1195 3334 1239 3385; x_wconf 80' lang='lat'>75.</span> <span class='ocrx_word' id='word_1_237' title='bbox 1262 3334 1318 3397; x_wconf 86' lang='lat' dir='ltr'>(ed.</span> <span class='ocrx_word' id='word_1_238' title='bbox 1337 3330 1416 3384; x_wconf 70' lang='lat'>(30‘</span> 
     </span>
     <span class='ocr_line' id='line_1_27' title="bbox 181 3413 1416 3484; baseline 0.002 -15"><span class='ocrx_word' id='word_1_239' title='bbox 181 3421 237 3469; x_wconf 90' lang='lat' dir='ltr'>lon.</span> <span class='ocrx_word' id='word_1_240' title='bbox 258 3417 345 3479; x_wconf 84' lang='grc'><strong>1686.)</strong></span> <span class='ocrx_word' id='word_1_241' title='bbox 370 3418 416 3468; x_wconf 88' lang='lat' dir='ltr'>ubi</span> <span class='ocrx_word' id='word_1_242' title='bbox 440 3419 505 3467; x_wconf 81' lang='lat' dir='ltr'>baec</span> <span class='ocrx_word' id='word_1_243' title='bbox 525 3418 606 3466; x_wconf 82' lang='lat' dir='ltr'>rerba</span> <span class='ocrx_word' id='word_1_244' title='bbox 624 3419 714 3481; x_wconf 78' lang='lat' dir='ltr'>angeli</span> <span class='ocrx_word' id='word_1_245' title='bbox 733 3418 767 3466; x_wconf 87' lang='lat' dir='ltr'>ad</span> <span class='ocrx_word' id='word_1_246' title='bbox 786 3419 897 3466; x_wconf 78' lang='lat' dir='ltr'>Mariam</span> <span class='ocrx_word' id='word_1_247' title='bbox 917 3433 976 3467; x_wconf 87' lang='lat' dir='ltr'>esse</span> <span class='ocrx_word' id='word_1_248' title='bbox 995 3419 1124 3469; x_wconf 85' lang='lat' dir='ltr'>dicuntur</span> <span class='ocrx_word' id='word_1_249' title='bbox 1141 3413 1221 3469; x_wconf 79' lang='grc' dir='ltr'>Ἰδοὺ</span> <span class='ocrx_word' id='word_1_250' title='bbox 1240 3415 1416 3484; x_wconf 59' lang='lat' dir='ltr'>casanilli*</span> 
     </span>
     <span class='ocr_line' id='line_1_28' title="bbox 181 3497 1414 3571; baseline 0.006 -20"><span class='ocrx_word' id='word_1_251' title='bbox 181 3501 214 3571; x_wconf 74' lang='grc' dir='ltr'>ἐμ</span> <span class='ocrx_word' id='word_1_252' title='bbox 239 3502 339 3567; x_wconf 83' lang='grc' dir='ltr'>γαστρὶ</span> <span class='ocrx_word' id='word_1_253' title='bbox 364 3500 395 3551; x_wconf 73' lang='grc' dir='ltr'>ἑκ</span> <span class='ocrx_word' id='word_1_254' title='bbox 418 3497 530 3570; x_wconf 81' lang='grc' dir='ltr'><strong>ωμεύμ.</strong></span> <span class='ocrx_word' id='word_1_255' title='bbox 553 3499 600 3566; x_wconf 77' lang='grc' dir='ltr'>ἀγ.</span> <span class='ocrx_word' id='word_1_256' title='bbox 624 3500 664 3550; x_wconf 80' lang='grc' dir='ltr'>καὶ</span> <span class='ocrx_word' id='word_1_257' title='bbox 689 3499 754 3568; x_wconf 63' lang='lat' dir='ltr'>rizpj</span> <span class='ocrx_word' id='word_1_258' title='bbox 779 3500 856 3569; x_wconf 84' lang='lat' dir='ltr'>uidp,</span> <span class='ocrx_word' id='word_1_259' title='bbox 885 3501 926 3551; x_wconf 80' lang='grc' dir='ltr'>καὶ</span> <span class='ocrx_word' id='word_1_260' title='bbox 950 3497 1015 3551; x_wconf 78' lang='grc' dir='ltr'>υῑὸσ</span> <span class='ocrx_word' id='word_1_261' title='bbox 1036 3500 1169 3570; x_wconf 67' lang='grc' dir='ltr'>ὑψίστου</span> <span class='ocrx_word' id='word_1_262' title='bbox 1193 3500 1414 3558; x_wconf 61' lang='lat' dir='ltr'>mutarerun-</span> 
     </span>
     <span class='ocr_line' id='line_1_29' title="bbox 183 3578 1415 3664; baseline 0.003 -24"><span class='ocrx_word' id='word_1_263' title='bbox 183 3589 224 3640; x_wconf 84' lang='grc' dir='ltr'>καὶ</span> <span class='ocrx_word' id='word_1_264' title='bbox 245 3588 380 3640; x_wconf 67' lang='lat' dir='ltr'>«andoeno</span> <span class='ocrx_word' id='word_1_265' title='bbox 403 3587 438 3639; x_wconf 85' lang='lat' dir='ltr'>rb</span> <span class='ocrx_word' id='word_1_266' title='bbox 463 3584 562 3658; x_wconf 83' lang='grc' dir='ltr'>ὄμομα</span> <span class='ocrx_word' id='word_1_267' title='bbox 585 3586 678 3639; x_wconf 81' lang='grc' dir='ltr'>αὐτοῦ</span> <span class='ocrx_word' id='word_1_268' title='bbox 692 3587 828 3657; x_wconf 76' lang='lat' dir='ltr'>‘li-ioobp·</span> <span class='ocrx_word' id='word_1_269' title='bbox 864 3585 1033 3656; x_wconf 83' lang='grc' dir='ltr'>αὐτὸσγὰρ</span> <span class='ocrx_word' id='word_1_270' title='bbox 1053 3590 1145 3642; x_wconf 84' lang='grc' dir='ltr'>σώσει</span> <span class='ocrx_word' id='word_1_271' title='bbox 1165 3587 1220 3661; x_wconf 89' lang='grc' dir='ltr'>τὸμ</span> <span class='ocrx_word' id='word_1_272' title='bbox 1239 3578 1415 3664; x_wconf 63' lang='lat' dir='ltr'>subpari·</span> 
     </span>
     <span class='ocr_line' id='line_1_30' title="bbox 181 3670 1415 3746; baseline 0.008 -23"><span class='ocrx_word' id='word_1_273' title='bbox 181 3674 235 3724; x_wconf 83' lang='grc' dir='ltr'>τοῦ</span> <span class='ocrx_word' id='word_1_274' title='bbox 260 3670 327 3724; x_wconf 76' lang='lat' dir='ltr'>duro</span> <span class='ocrx_word' id='word_1_275' title='bbox 351 3676 415 3742; x_wconf 78' lang='grc' dir='ltr'>τῶμ</span> <span class='ocrx_word' id='word_1_276' title='bbox 441 3672 547 3742; x_wconf 61' lang='lat' dir='ltr'>dirupi.</span> <span class='ocrx_word' id='word_1_277' title='bbox 566 3672 678 3743; x_wconf 79' lang='grc' dir='ltr'>σῡτὼμ.</span> <span class='ocrx_word' id='word_1_278' title='bbox 715 3677 746 3725; x_wconf 91' lang='lat' dir='ltr'>In</span> <span class='ocrx_word' id='word_1_279' title='bbox 771 3678 813 3725; x_wconf 82' lang='lat' dir='ltr'>his</span> <span class='ocrx_word' id='word_1_280' title='bbox 836 3678 905 3725; x_wconf 90' lang='lat' dir='ltr'>illud</span> <span class='ocrx_word' id='word_1_281' title='bbox 928 3672 994 3725; x_wconf 90' lang='grc' dir='ltr'>υῑὸσ</span> <span class='ocrx_word' id='word_1_282' title='bbox 1012 3674 1144 3742; x_wconf 72' lang='grc' dir='ltr'>ὑψίστου</span> <span class='ocrx_word' id='word_1_283' title='bbox 1165 3696 1224 3731; x_wconf 87' lang='lat' dir='ltr'>eum</span> <span class='ocrx_word' id='word_1_284' title='bbox 1244 3684 1415 3746; x_wconf 52' lang='lat' dir='ltr'>proter-¹?</span> 
     </span>
     <span class='ocr_line' id='line_1_31' title="bbox 183 3756 1414 3831; baseline 0.007 -21"><span class='ocrx_word' id='word_1_285' title='bbox 183 3762 254 3826; x_wconf 78' lang='lat' dir='ltr'>gelio</span> <span class='ocrx_word' id='word_1_286' title='bbox 279 3777 338 3823; x_wconf 81' lang='lat' dir='ltr'>cap.</span> <span class='ocrx_word' id='word_1_287' title='bbox 358 3761 404 3810; x_wconf 83' lang='lat' dir='ltr'>XI.</span> <span class='ocrx_word' id='word_1_288' title='bbox 430 3762 590 3821; x_wconf 76' lang='lat' dir='ltr'>coneordat,</span> <span class='ocrx_word' id='word_1_289' title='bbox 614 3762 686 3810; x_wconf 80' lang='lat' dir='ltr'>Luca</span> <span class='ocrx_word' id='word_1_290' title='bbox 704 3764 732 3817; x_wconf 89' lang='lat'>1,</span> <span class='ocrx_word' id='word_1_291' title='bbox 757 3762 799 3811; x_wconf 86' lang='grc'>35.</span> <span class='ocrx_word' id='word_1_292' title='bbox 833 3756 899 3810; x_wconf 83' lang='grc' dir='ltr'>υῑὸσ</span> <span class='ocrx_word' id='word_1_293' title='bbox 923 3758 994 3811; x_wconf 80' lang='grc' dir='ltr'>θεοῦ</span> <span class='ocrx_word' id='word_1_294' title='bbox 1017 3771 1142 3814; x_wconf 82' lang='lat' dir='ltr'>tenente.</span> <span class='ocrx_word' id='word_1_295' title='bbox 1180 3766 1216 3816; x_wconf 80' lang='lat' dir='ltr'>Et</span> <span class='ocrx_word' id='word_1_296' title='bbox 1234 3767 1309 3831; x_wconf 84' lang='lat' dir='ltr'>quod</span> <span class='ocrx_word' id='word_1_297' title='bbox 1325 3764 1414 3818; x_wconf 64' lang='lat' dir='ltr'>cum</span> 
     </span>
     <span class='ocr_line' id='line_1_32' title="bbox 182 3840 1411 3918; baseline 0.006 -22"><span class='ocrx_word' id='word_1_298' title='bbox 182 3848 315 3912; x_wconf 84' lang='lat' dir='ltr'>prioribus</span> <span class='ocrx_word' id='word_1_299' title='bbox 331 3840 409 3894; x_wconf 77' lang='lat' dir='ltr'>‘bot</span> <span class='ocrx_word' id='word_1_300' title='bbox 428 3879 436 3888; x_wconf 88' lang='lat'><em>-</em></span> <span class='ocrx_word' id='word_1_301' title='bbox 456 3840 634 3896; x_wconf 54' lang='lat' dir='ltr'>monstram</span> <span class='ocrx_word' id='word_1_302' title='bbox 660 3849 803 3912; x_wconf 76' lang='lat' dir='ltr'>coniungit</span> <span class='ocrx_word' id='word_1_303' title='bbox 826 3846 868 3896; x_wconf 76' lang='grc' dir='ltr'>καὶ</span> <span class='ocrx_word' id='word_1_304' title='bbox 888 3845 1023 3898; x_wconf 63' lang='lat' dir='ltr'>reiecero</span> <span class='ocrx_word' id='word_1_305' title='bbox 1041 3844 1078 3899; x_wconf 83' lang='grc' dir='ltr'>τὸ</span> <span class='ocrx_word' id='word_1_306' title='bbox 1098 3843 1197 3918; x_wconf 85' lang='grc' dir='ltr'>ὄμομα</span> <span class='ocrx_word' id='word_1_307' title='bbox 1216 3848 1313 3903; x_wconf 82' lang='grc' dir='ltr'>αὐτοῦ</span> <span class='ocrx_word' id='word_1_308' title='bbox 1327 3849 1337 3864; x_wconf 82' lang='grc'><em>“</em></span> <span class='ocrx_word' id='word_1_309' title='bbox 1351 3848 1411 3896; x_wconf 75' lang='lat'>1¹⁴·</span> 
     </span>
     <span class='ocr_line' id='line_1_33' title="bbox 183 3927 1411 4004; baseline 0.009 -22"><span class='ocrx_word' id='word_1_310' title='bbox 183 3928 272 4000; x_wconf 81' lang='grc' dir='ltr'>σοῦμ·</span> <span class='ocrx_word' id='word_1_311' title='bbox 299 3927 394 3981; x_wconf 71' lang='lat' dir='ltr'>aurbu</span> <span class='ocrx_word' id='word_1_312' title='bbox 412 3927 467 3996; x_wconf 78' lang='grc' dir='ltr'>γὰρ</span> <span class='ocrx_word' id='word_1_313' title='bbox 485 3932 577 3982; x_wconf 81' lang='grc' dir='ltr'>σώσει</span> <span class='ocrx_word' id='word_1_314' title='bbox 592 3941 653 3992; x_wconf 75' lang='lat' dir='ltr'>etc„</span> <span class='ocrx_word' id='word_1_315' title='bbox 672 3935 699 3983; x_wconf 93' lang='lat' dir='ltr'>id</span> <span class='ocrx_word' id='word_1_316' title='bbox 713 3935 805 3984; x_wconf 92' lang='lat' dir='ltr'>eodem</span> <span class='ocrx_word' id='word_1_317' title='bbox 823 3952 930 3999; x_wconf 77' lang='lat' dir='ltr'>prorsus</span> <span class='ocrx_word' id='word_1_318' title='bbox 947 3938 1025 3986; x_wconf 88' lang='lat' dir='ltr'>modo</span> <span class='ocrx_word' id='word_1_319' title='bbox 1043 3939 1070 3987; x_wconf 92' lang='lat' dir='ltr'>in</span> <span class='ocrx_word' id='word_1_320' title='bbox 1085 3941 1293 4004; x_wconf 71' lang='lat' dir='ltr'>protersngelio</span> <span class='ocrx_word' id='word_1_321' title='bbox 1304 3942 1368 3994; x_wconf 71' lang='lat' dir='ltr'>fler</span> <span class='ocrx_word' id='word_1_322' title='bbox 1394 3936 1411 3971; x_wconf 85' lang='lat'>⁸</span> 
     </span>
     <span class='ocr_line' id='line_1_34' title="bbox 181 4002 1411 4088; baseline 0.006 -21"><span class='ocrx_word' id='word_1_323' title='bbox 181 4017 270 4067; x_wconf 76' lang='lat' dir='ltr'>Lucae</span> <span class='ocrx_word' id='word_1_324' title='bbox 289 4033 350 4066; x_wconf 84' lang='lat' dir='ltr'>vero</span> <span class='ocrx_word' id='word_1_325' title='bbox 370 4021 447 4065; x_wconf 86' lang='lat' dir='ltr'>textu</span> <span class='ocrx_word' id='word_1_326' title='bbox 466 4032 496 4065; x_wconf 83' lang='lat' dir='ltr'>ee</span> <span class='ocrx_word' id='word_1_327' title='bbox 515 4019 595 4066; x_wconf 79' lang='lat' dir='ltr'>rerba</span> <span class='ocrx_word' id='word_1_328' title='bbox 614 4019 694 4080; x_wconf 85' lang='lat' dir='ltr'>plane</span> <span class='ocrx_word' id='word_1_329' title='bbox 714 4018 826 4075; x_wconf 81' lang='lat' dir='ltr'>derunt,</span> <span class='ocrx_word' id='word_1_330' title='bbox 852 4023 880 4068; x_wconf 82' lang='lat' dir='ltr'>at</span> <span class='ocrx_word' id='word_1_331' title='bbox 900 4020 971 4083; x_wconf 77' lang='lat' dir='ltr'>apud</span> <span class='ocrx_word' id='word_1_332' title='bbox 990 4021 1159 4070; x_wconf 72' lang='lat' dir='ltr'>Matthaeum</span> <span class='ocrx_word' id='word_1_333' title='bbox 1182 4021 1215 4072; x_wconf 65' lang='lat' dir='ltr'>ab</span> <span class='ocrx_word' id='word_1_334' title='bbox 1235 4026 1333 4088; x_wconf 70' lang='lat' dir='ltr'>sngelo</span> <span class='ocrx_word' id='word_1_335' title='bbox 1370 4002 1411 4060; x_wconf 63' lang='lat' dir='ltr'>*d</span> 
     </span>
     <span class='ocr_line' id='line_1_35' title="bbox 182 4091 1410 4172; baseline 0.006 -19"><span class='ocrx_word' id='word_1_336' title='bbox 182 4105 326 4168; x_wconf 81' lang='lat' dir='ltr'>Iorepbnm</span> <span class='ocrx_word' id='word_1_337' title='bbox 346 4104 419 4153; x_wconf 82' lang='lat' dir='ltr'>dicta</span> <span class='ocrx_word' id='word_1_338' title='bbox 438 4103 592 4153; x_wconf 81' lang='lat' dir='ltr'>traduntur.</span> <span class='ocrx_word' id='word_1_339' title='bbox 630 4104 673 4153; x_wconf 82' lang='lat' dir='ltr'>Cf.</span> <span class='ocrx_word' id='word_1_340' title='bbox 693 4106 774 4154; x_wconf 81' lang='lat' dir='ltr'>etiam</span> <span class='ocrx_word' id='word_1_341' title='bbox 794 4120 825 4154; x_wconf 80' lang='lat' dir='ltr'>ea</span> <span class='ocrx_word' id='word_1_342' title='bbox 838 4121 904 4169; x_wconf 79' lang='lat' dir='ltr'>quae</span> <span class='ocrx_word' id='word_1_343' title='bbox 923 4113 1072 4172; x_wconf 86' lang='lat' dir='ltr'>sequuntur</span> <span class='ocrx_word' id='word_1_344' title='bbox 1091 4109 1162 4172; x_wconf 76' lang='lat' dir='ltr'>apud</span> <span class='ocrx_word' id='word_1_345' title='bbox 1175 4109 1320 4170; x_wconf 78' lang='lat' dir='ltr'>lustinum,</span> <span class='ocrx_word' id='word_1_346' title='bbox 1343 4091 1410 4153; x_wconf 66' lang='lat' dir='ltr'>ubi</span> 
     </span>
     <span class='ocr_line' id='line_1_36' title="bbox 183 4183 1412 4266; baseline 0.004 -26"><span class='ocrx_word' id='word_1_347' title='bbox 183 4197 225 4241; x_wconf 82' lang='lat' dir='ltr'>ert</span> <span class='ocrx_word' id='word_1_348' title='bbox 244 4186 314 4256; x_wconf 81' lang='grc' dir='ltr'>ὅθεμ</span> <span class='ocrx_word' id='word_1_349' title='bbox 335 4187 375 4239; x_wconf 79' lang='grc' dir='ltr'>καὶ</span> <span class='ocrx_word' id='word_1_350' title='bbox 396 4187 411 4237; x_wconf 85' lang='grc' dir='ltr'>ὁ</span> <span class='ocrx_word' id='word_1_351' title='bbox 431 4183 564 4252; x_wconf 63' lang='lat' dir='ltr'>&amp;wotos</span> <span class='ocrx_word' id='word_1_352' title='bbox 582 4183 665 4253; x_wconf 85' lang='grc' dir='ltr'>ωρὸσ</span> <span class='ocrx_word' id='word_1_353' title='bbox 683 4184 739 4258; x_wconf 72' lang='lat' dir='ltr'>reip</span> <span class='ocrx_word' id='word_1_354' title='bbox 759 4187 915 4259; x_wconf 72' lang='grc' dir='ltr'>ωορθέμομ</span> <span class='ocrx_word' id='word_1_355' title='bbox 930 4189 999 4241; x_wconf 77' lang='lat' dir='ltr'>elme</span> <span class='ocrx_word' id='word_1_356' title='bbox 1015 4191 1068 4242; x_wconf 80' lang='lat' dir='ltr'>l&lt;ai</span> <span class='ocrx_word' id='word_1_357' title='bbox 1089 4191 1225 4244; x_wconf 74' lang='grc' dir='ltr'>καλέσεισ</span> <span class='ocrx_word' id='word_1_358' title='bbox 1237 4190 1274 4245; x_wconf 87' lang='grc' dir='ltr'>τὸ</span> <span class='ocrx_word' id='word_1_359' title='bbox 1288 4189 1354 4266; x_wconf 83' lang='grc' dir='ltr'>ὁμο</span> <span class='ocrx_word' id='word_1_360' title='bbox 1362 4189 1412 4253; x_wconf 68' lang='lat'>{¹⁰</span> 
     </span>
     <span class='ocr_line' id='line_1_37' title="bbox 183 4266 1413 4341; baseline 0.007 -19"><span class='ocrx_word' id='word_1_361' title='bbox 183 4269 425 4339; x_wconf 73' lang='grc' dir='ltr'>σύτοῦἹΗσοῡμ·</span> <span class='ocrx_word' id='word_1_362' title='bbox 463 4266 631 4337; x_wconf 81' lang='grc' dir='ltr'>αὐτὸσγὰρ</span> <span class='ocrx_word' id='word_1_363' title='bbox 649 4306 657 4315; x_wconf 87' lang='lat'><em>-</em></span> <span class='ocrx_word' id='word_1_364' title='bbox 677 4268 746 4323; x_wconf 73' lang='lat' dir='ltr'>duro</span> <span class='ocrx_word' id='word_1_365' title='bbox 765 4272 992 4341; x_wconf 74' lang='grc' dir='ltr'><strong>τ.ἁμαρτ.αῦτ.</strong></span> <span class='ocrx_word' id='word_1_366' title='bbox 1030 4278 1131 4328; x_wconf 79' lang='lat' dir='ltr'>Rursus</span> <span class='ocrx_word' id='word_1_367' title='bbox 1148 4281 1332 4331; x_wconf 71' lang='lat' dir='ltr'>memorabilis</span> <span class='ocrx_word' id='word_1_368' title='bbox 1365 4268 1413 4317; x_wconf 77' lang='lat'>¹⁰⁶</span> 
     </span>
     <span class='ocr_line' id='line_1_38' title="bbox 182 4350 1413 4431; baseline 0.005 -20"><span class='ocrx_word' id='word_1_369' title='bbox 182 4376 229 4411; x_wconf 80' lang='lat' dir='ltr'>cur</span> <span class='ocrx_word' id='word_1_370' title='bbox 254 4367 296 4410; x_wconf 85' lang='lat' dir='ltr'>est</span> <span class='ocrx_word' id='word_1_371' title='bbox 319 4360 420 4425; x_wconf 80' lang='lat' dir='ltr'>dialogi</span> <span class='ocrx_word' id='word_1_372' title='bbox 443 4376 501 4408; x_wconf 90' lang='lat' dir='ltr'>cum</span> <span class='ocrx_word' id='word_1_373' title='bbox 524 4360 666 4424; x_wconf 77' lang='lat' dir='ltr'>Tryphone</span> <span class='ocrx_word' id='word_1_374' title='bbox 686 4364 745 4411; x_wconf 93' lang='lat'><strong>100.</strong></span> <span class='ocrx_word' id='word_1_375' title='bbox 766 4377 792 4424; x_wconf 91' lang='lat' dir='ltr'>p.</span> <span class='ocrx_word' id='word_1_376' title='bbox 811 4364 870 4412; x_wconf 82' lang='grc'><strong>327.</strong></span> <span class='ocrx_word' id='word_1_377' title='bbox 897 4379 927 4412; x_wconf 88' lang='lat' dir='ltr'>eo</span> <span class='ocrx_word' id='word_1_378' title='bbox 947 4365 1018 4427; x_wconf 88' lang='lat' dir='ltr'>quod</span> <span class='ocrx_word' id='word_1_379' title='bbox 1037 4367 1124 4416; x_wconf 79' lang='lat' dir='ltr'>Maria</span> <span class='ocrx_word' id='word_1_380' title='bbox 1142 4367 1218 4431; x_wconf 77' lang='lat' dir='ltr'>virgo</span> <span class='ocrx_word' id='word_1_381' title='bbox 1238 4383 1271 4418; x_wconf 84' lang='lat' dir='ltr'>ex</span> <span class='ocrx_word' id='word_1_382' title='bbox 1290 4350 1413 4419; x_wconf 68' lang='lat' dir='ltr'>uuntio</span> 
     </span>
     <span class='ocr_line' id='line_1_39' title="bbox 183 4434 1413 4516; baseline 0.007 -19"><span class='ocrx_word' id='word_1_383' title='bbox 183 4446 317 4497; x_wconf 68' lang='lat' dir='ltr'>Gabrielir</span> <span class='ocrx_word' id='word_1_384' title='bbox 335 4438 431 4511; x_wconf 78' lang='grc' dir='ltr'>χοράμ</span> <span class='ocrx_word' id='word_1_385' title='bbox 451 4440 586 4494; x_wconf 69' lang='grc' dir='ltr'>λαθοῦσα</span> <span class='ocrx_word' id='word_1_386' title='bbox 605 4446 714 4505; x_wconf 87' lang='lat' dir='ltr'>dicitur,</span> <span class='ocrx_word' id='word_1_387' title='bbox 733 4447 953 4510; x_wconf 76' lang='lat' dir='ltr'>quomadmodum</span> <span class='ocrx_word' id='word_1_388' title='bbox 973 4451 1001 4500; x_wconf 90' lang='lat' dir='ltr'>in</span> <span class='ocrx_word' id='word_1_389' title='bbox 1018 4453 1326 4516; x_wconf 74' lang='lat' dir='ltr'>proterengelioX11,2</span> <span class='ocrx_word' id='word_1_390' title='bbox 1357 4434 1413 4491; x_wconf 46' lang='grc' dir='ltr'>θ’*</span> 
     </span>
    </p>
   </div>
   <div class='ocr_carea' id='block_1_9' title="bbox 0 0 1459 5062">
    <p class='ocr_par' dir='ltr' id='par_1_9' title="bbox 0 0 1459 5062">
     <span class='ocr_line' id='line_1_40' title="bbox 0 0 1459 5062; baseline 0 0"><span class='ocrx_word' id='word_1_391' title='bbox 0 0 1459 5062; x_wconf 95' lang='lat' dir='ltr'> </span> 
     </span>
    </p>
   </div>
  </div>
 </body>
</html>
