2880 5062
404 109 450 159 DE
468 108 683 160 NATIVITATE
702 109 845 159 Mimas.
874 107 947 159 CAP.
966 108 1013 159 1v.
1251 114 1312 176 115

131 259 295 327 aedilvini
312 261 467 325 muneris
485 265 726 343 cognoscatur.
773 259 785 292 ⁸
801 259 921 323 Prima
936 261 1028 324 enim
1046 262 1160 344 gentis
1176 269 1312 329 vestrae

93 440 95 461 Ι
133 362 203 428 Sara
218 368 328 428 mater
350 383 466 428 nonne
489 383 600 446 usque
627 362 670 426 ad
693 364 944 444 octogesimum
968 384 1097 428 annum
1122 364 1313 431 infecunda

93 466 99 479 '
135 465 205 531 luit?
223 472 394 532 ettamen
415 467 452 532 in
475 467 599 533 ultima
619 468 813 533 senectutis
839 473 954 532 aetate
977 468 1100 550 genuit
1114 467 1232 551 Isaac,
1256 471 1312 534 cui

137 571 320 652 repromissa
337 577 413 636 erat
427 571 629 637 benedictio
647 573 800 637 omnium
817 572 984 655 gentium.
1010 571 1144 636 Rachel
1161 594 1312 656 quoque,

136 678 244 737 bulum
260 674 403 740 domino
424 682 524 758 grata
539 680 745 758 tantumque
768 697 788 739 a
809 681 929 739 sancto
947 673 1077 739 Iacobo
1100 682 1229 757 amata,
1252 675 1312 741 diu

138 776 241 840 sterilis
266 776 350 859 fuit,
377 783 413 842 ot
436 785 553 842 tamen
579 777 708 861 Ioseph
735 779 873 861 genuit,
899 798 970 842 non
996 777 1108 842 solum
1135 778 1312 844 dominum

138 875 260 963 Aegypti
283 881 346 946 sed
366 881 594 965 plurimarum
611 883 768 966 gentium
791 883 880 947 fame
898 883 1133 964 periturarum
1150 882 1314 947 liberato-

138 1000 199 1046 rem.
227 982 312 1067 Quis
335 986 372 1048 in
397 985 547 1051 ducibus
568 987 622 1050 vel
645 986 772 1050 fortior
788 983 980 1068 Sampsone
1002 984 1056 1049 vel
1078 986 1234 1050 sanctior
1255 984 1314 1052 Sa·

138 1084 245 1151 murlo?
270 1094 306 1152 et
327 1093 444 1153 tamen
465 1089 501 1153 hi
524 1089 625 1154 ambo
649 1088 787 1154 steriles
809 1093 937 1153 matres
959 1087 1124 1153 habuere.
1171 1086 1209 1153 Si
1231 1110 1313 1172 ergo

139 1188 206 1253 ratio
222 1191 334 1257 verbis
356 1191 443 1256 meis
466 1192 530 1257 tibi
553 1213 623 1256 non
645 1191 850 1275 persuadet,
878 1190 979 1256 crede
1003 1191 1131 1256 dilatos
1153 1190 1212 1255 diu
1236 1212 1314 1256 con-

140 1296 234 1371 captus
253 1299 290 1358 ot
309 1294 448 1359 steriles
465 1300 587 1376 partus
605 1295 840 1360 mirabiliores
864 1314 940 1359 esse
959 1294 1084 1358 solere.
1130 1295 1141 1327 ³
1159 1293 1314 1357 Proinde

139 1385 219 1458 Anna
236 1417 323 1461 uxor
343 1402 405 1462 tua
424 1398 540 1480 pariet
561 1398 627 1462 tibi
643 1398 764 1479 filiam,
788 1402 825 1461 et
838 1397 978 1463 vocabis
1001 1416 1128 1460 nomeu
1150 1396 1225 1460 eius
1241 1395 1316 1460 Ma·

140 1493 216 1561 nam:
230 1499 314 1565 haec
332 1501 409 1581 erit,
427 1506 466 1566 ut
482 1502 635 1583 vovistis,
653 1501 696 1566 ab
714 1501 866 1566 infantia
882 1522 945 1565 sua
956 1500 1097 1564 domino
1111 1506 1316 1564 consecrata

141 1600 166 1657 et
184 1601 296 1681 spiritu
322 1610 444 1669 sancto
471 1604 667 1687 replebitur
693 1604 807 1669 adhuc
833 1625 875 1668 ex
901 1610 999 1669 utero
1023 1603 1155 1667 matris.
1202 1600 1314 1668 Omne

141 1694 325 1770 inmundum
342 1727 456 1789 neque
470 1707 698 1772 manducabit
713 1728 828 1790 neque
845 1705 953 1787 bibet,
971 1725 1085 1789 neque
1102 1706 1316 1787 interpopu-

141 1794 209 1866 lares
222 1805 415 1874 lorinsecus
432 1810 553 1875 turbas
571 1811 632 1876 sed
649 1811 686 1874 in
703 1811 832 1894 templo
854 1810 986 1875 domini
1004 1810 1220 1874 conversatio
1239 1807 1314 1872 eius

144 1903 202 1986 ent,
221 1931 259 1975 no
283 1913 368 1995 quid
390 1913 432 1977 de
459 1935 499 1978 ea
520 1915 701 1979 sinistrum
717 1915 771 1979 vel
794 1914 967 1997 suspicari
989 1913 1112 1979 saltem
1132 1912 1247 1996 possit
1262 1911 1316 1975 vel

145 2002 202 2072 lici.
221 2012 342 2099 Itaque
359 2022 474 2082 aetate
491 2018 705 2101 procedente
724 2020 816 2083 sicut
831 2019 908 2100 ipsa
924 2017 1134 2081 mirabiliter
1150 2037 1191 2080 ex
1203 2013 1316 2080 sterili

144 2122 285 2200 iuretur,
302 2121 352 2185 ita
368 2120 797 2204 incomparabilitervirgo
815 2121 1000 2204 generabit
1015 2120 1178 2184 altissimi
1195 2120 1315 2197 filium,

147 2213 189 2291 qui
200 2215 290 2286 lesus
306 2222 504 2288 vocabitur:
523 2224 715 2288 secundum
733 2223 884 2288 nominis
902 2222 1148 2307 etymologiam
1165 2221 1318 2287 salvator

147 2320 448 2409 coniungentium
476 2327 552 2391 orit.
599 2326 675 2391 *Et
698 2327 765 2390 hoc
791 2326 857 2392 tibi
883 2348 1003 2391 eorum
1029 2346 1117 2408 quae
1144 2325 1316 2390 annuntio

149 2416 251 2500 liguum
267 2431 346 2511 erit,
372 2450 448 2494 cum
464 2434 665 2513 perveneris
687 2431 729 2495 ad
752 2452 892 2495 auream
913 2431 950 2494 in
966 2428 1223 2512 Hierosolymis
1240 2448 1318 2510 por·

149 2519 209 2604 lam,
225 2528 364 2596 habebis
386 2533 436 2598 ibi
459 2534 594 2599 obviam
610 2532 750 2598 Annam
772 2554 914 2598 uxorem
935 2539 1045 2614 tuam,
1069 2552 1157 2615 quae
1175 2529 1217 2594 de
1234 2536 1316 2594 tuae

149 2633 343 2704 regressionis
366 2633 564 2701 tardatione
586 2637 688 2702 modo
711 2636 880 2717 sollicita,
901 2643 986 2700 tuno
1006 2637 1043 2698 in
1065 2633 1234 2717 adspectu
1255 2637 1316 2696 tuo

151 2729 292 2801 laudabit.
322 2737 391 2803 His
408 2739 513 2805 (lictis
530 2740 677 2823 angelus
694 2738 860 2805 discessit
875 2739 918 2803 ab
936 2760 988 2803 eo.

612 2961 733 3028 Carus
756 2961 819 3029 IV.

212 3123 366 3195 'Deinde
392 3133 556 3215 apparuit
577 3131 704 3199 Annae
725 3135 826 3199 uxori
848 3135 924 3198 eius
948 3132 1083 3202 dicens:
1113 3129 1168 3195 Ne
1191 3131 1315 3195 timeas

148 3206 233 3308 Anna,
248 3254 359 3317 noque
376 3233 584 3316 phantasma
599 3244 702 3320 putes
720 3259 796 3303 esse
809 3236 1020 3321 quodvidos.
1044 3233 1121 3318 Ego
1139 3234 1231 3299 enim
1243 3256 1317 3298 sum

149 3327 260 3403 antelus
279 3335 340 3401 ille
359 3337 419 3419 qui
440 3359 562 3421 preces
586 3346 622 3404 et
643 3340 881 3424 eleemosynas
897 3346 1031 3405 vestras
1049 3338 1161 3403 obtuli
1183 3339 1219 3403 in
1239 3358 1318 3402 con·

147 3431 239 3499 εΡθθῐῑι
259 3438 331 3520 dei,
359 3446 394 3505 ct
415 3462 508 3506 nunc
528 3444 655 3507 missus
678 3465 752 3509 sum
778 3443 902 3508 advos
928 3449 967 3507 ut
991 3442 1197 3507 annuntiem
1219 3441 1317 3505 vobis

146 3534 325 3637 nescituram
351 3543 458 3609 filiam
481 3567 570 3629 quae
591 3545 708 3612 Maria
730 3553 853 3613 vocata
877 3568 983 3629 super
1007 3567 1127 3612 omnes
1152 3544 1316 3610 mulieres

143 3633 194 3694 “ll
209 3638 400 3711 benedicta.
439 3647 539 3713 Haeo
567 3670 587 3714 a
609 3650 790 3714 nativitate
817 3671 881 3714 sua
906 3644 1024 3713 statim
1048 3647 1179 3714 domini
1204 3649 1318 3732 gratia

135 3719 235 3845 Plena,
255 3747 369 3813 tribus
391 3749 639 3816 ablactationis
663 3774 746 3817 suae
769 3755 871 3817 annis
894 3753 931 3817 in
953 3753 1053 3818 domo
1075 3758 1222 3835 paterna
1241 3772 1317 3834 per·

154 3844 246 3878 X*——
252 3874 273 3879 .-
282 3874 325 3879 --

127 3968 148 4018 P
190 3913 210 3964 ²·
228 3922 299 3973 Haec
313 3925 380 3973 alibi
394 3941 448 3975 non
462 3927 646 3977 inveniuntur.
668 3929 717 3976 Pro
731 3933 819 3977 sancto
832 3928 926 3979 Iacobo
939 3928 997 3977 Par.
1012 3930 1067 3978 uiro
1079 3945 1123 3977 suo
1138 3924 1141 3992 l
1157 3927 1317 3991 uelsortior:

125 4050 129 4056 .
146 3994 237 4057 ’Μω-
251 4009 291 4059 vel
306 4005 310 4071 Ι
325 4012 399 4059 crede
411 4025 470 4060 cum
484 4011 555 4061 Vall.
569 4014 674 4078 scripsi.
699 4015 788 4063 Antea
801 4015 904 4063 credere
917 4014 1055 4064 edebatur.
1070 4011 1073 4079 l
1088 4014 1146 4062 diu.-
1159 4013 1217 4061 Par.
1229 4027 1279 4060 om.

115 4135 139 4184 Ρ
186 4085 209 4137 ³·
226 4094 265 4144 Cf.
279 4095 324 4144 Ps.
337 4096 437 4145 March.
452 4096 502 4155 111,
520 4100 536 4146 2
554 4103 582 4148 et
594 4101 618 4146 t.
634 4095 638 4163 Ι
652 4100 756 4148 matria:
775 4098 834 4148 Par.
847 4099 908 4148 add.
922 4115 983 4148 urae
999 4097 1002 4165 l
1016 4100 1150 4149 ceramum
1162 4104 1193 4145 ut
1206 4097 1276 4145 Vsll.
1290 4101 1318 4145 ot

138 4163 184 4220 ’ἦν
196 4174 271 4230 Febr.
285 4188 315 4231 ot
326 4180 397 4231 Thil.
411 4187 436 4231 et
447 4185 581 4233 secundum
596 4183 599 4247 Ῑ
615 4185 673 4233 Par.
686 4184 725 4233 Er
736 4185 798 4232 baec
811 4185 857 4232 tibi
869 4186 992 4234 enarratio
1004 4199 1138 4247 eorumque
1149 4183 1246 4246 signam
1259 4183 1317 4230 erit.

182 4253 227 4324 IV,
247 4270 270 4315 1.
296 4265 415 4317 Plurima
428 4285 458 4318 ex
473 4269 515 4318 his
529 4271 669 4334 evangelio
683 4275 775 4319 nostro
790 4272 898 4334 propriu
912 4279 983 4320 sunt.
1011 4275 1151 4332 patescere
1163 4275 1193 4317 ut
1207 4267 1276 4317 Vall.
1291 4271 1317 4316 et

1063 4353 1102 4404 g·
