2880 5062
123 351 188 417 200
248 348 484 404 avertemur!
500 350 694 403 memma
712 349 904 404 neumenia
930 351 1048 403 mvl.
1065 352 1209 405 xxxva

123 503 279 569 membra
297 503 489 569 mordebat.
526 499 687 568 Audiens
711 521 794 585 ergo
810 509 923 568 mater
943 502 1048 568 huius
1063 504 1192 570 miseri
1206 502 1318 571 femen

125 607 230 673 herae
245 605 380 672 Mariae
402 612 438 672 et
452 604 517 670 filii
537 607 613 671 eius
629 603 712 670 Iesu
729 605 882 670 surrexit
901 626 943 672 ac
958 605 1069 671 filium
1086 627 1193 673 suum
1207 605 1318 673 Iudam

125 731 243 777 secum
259 709 303 775 ad
320 709 495 776 dominam
510 707 660 774 Mariam
676 708 831 774 deduxit.
854 707 1003 775 Interim
1012 708 1170 777 Iacobus
1186 709 1317 779 etIcaes

125 814 303 880 dominum
318 812 437 878 Iesum
452 811 624 878 infantem
642 811 877 893 abduxerant,
897 817 937 878 ut
953 832 1030 878 cum
1047 813 1204 881 caeteris
1219 813 1315 879 infun·

123 917 220 982 tibus
242 915 420 997 luderent;
441 935 482 981 ac
501 915 602 982 domo
623 916 756 1000 egressi
775 914 1019 997 consederant,
1045 922 1083 983 et
1103 937 1186 983 cum
1205 915 1313 985 dedo
1368 982 1370 991 ,

123 1019 240 1086 minus
254 1019 368 1085 Iesus.
391 1015 556 1084 Accessit
569 1017 677 1083 Iudas
694 1018 942 1084 daemoniacus
959 1025 995 1085 et
1008 1018 1054 1086 ad
1069 1020 1232 1089 dextram
1243 1019 1311 1087 lese
1366 1053 1370 1098 ι

125 1123 298 1205 consedit;
319 1131 393 1189 tum
414 1143 436 1189 e
457 1129 594 1204 satana,
616 1129 657 1188 ut
670 1121 748 1188 fieri
769 1122 920 1206 solebat,
942 1124 1132 1191 infestatus
1149 1124 1310 1192 dominun
1365 1110 1370 1191 ξ

124 1227 243 1294 Iesum
253 1226 411 1292 mordere
421 1225 539 1307 voluit,
553 1226 615 1292 sed
626 1247 695 1293 non
705 1227 831 1309 potuit,
840 1232 958 1293 tamen
969 1227 1061 1294 latus
1072 1227 1160 1295 Iesu
1171 1227 1308 1295 dmm
1367 1268 1370 1277 ·

124 1331 309 1415 percussit,
327 1330 420 1395 uude
435 1329 493 1394 hic
508 1328 592 1394 flere
609 1330 734 1412 coepit
757 1328 943 1414 Extemplo
960 1331 1067 1397 exivit
1080 1351 1124 1397 ex
1139 1351 1247 1415 puero
1259 1329 1308 1397 illo

126 1440 265 1499 satanas
286 1431 441 1516 fugiens,
467 1433 546 1498 cani
571 1432 693 1498 rabido
717 1433 854 1499 similis.
902 1433 973 1498 Hic
996 1440 1115 1501 autem
1137 1455 1239 1518 puer,
1260 1433 1304 1518 qui

124 1536 244 1602 Iesum
268 1536 443 1619 percussit
467 1542 502 1601 et
526 1554 658 1619 exque
685 1542 825 1602 satanas
849 1536 962 1602 forma
986 1537 1083 1603 canis
1106 1538 1225 1620 exivit,
1247 1541 1305 1602 eret

125 1640 234 1707 Iudas
254 1638 483 1721 Ischeriotes,
509 1639 569 1722 qui
595 1638 695 1704 illum
715 1639 859 1706 Iudaeis
881 1639 1054 1724 prodidit3
1080 1647 1116 1706 et
1136 1639 1227 1707 idem
1246 1639 1303 1706 eius

124 1744 228 1824 latus,
248 1743 284 1808 in
297 1762 364 1826 quo
375 1747 597 1825 percusserat
607 1760 686 1807 eum
696 1741 816 1825 Iudas,
832 1742 957 1808 Iudaei
967 1742 1302 1810 lenceacontixeruet

565 1928 686 1997 Oneon
708 1927 888 2000 XXXVI.

212 2067 300 2134 Cum
315 2089 394 2133 vero
411 2064 571 2133 dominus
590 2065 692 2134 Iesus
709 2074 843 2152 septem
864 2070 990 2137 aetatis
1007 2090 1092 2137 suae
1109 2086 1220 2138 anuos
1236 2086 1308 2134 oon·

125 2171 301 2256 plevisset,
319 2171 376 2236 die
387 2171 537 2254 quodam
548 2186 625 2237 oum
634 2171 754 2255 pueris
769 2170 987 2255 aequalibus,
1004 2173 1026 2238 i.
1038 2193 1068 2239 e.
1086 2173 1148 2258 qui
1165 2174 1197 2240 ei
1212 2178 1311 2240 aetate

127 2294 305 2358 compares
328 2277 442 2357 erant,
464 2271 679 2339 versabatur.
715 2270 905 2340 Ludebant
923 2281 1041 2340 autem
1062 2276 1100 2341 in
1122 2274 1210 2359 luto,
1231 2272 1319 2341 unde

126 2377 313 2443 simulacra
328 2378 505 2442 asinorum
515 2376 620 2442 boum
636 2376 749 2442 avium
766 2377 985 2461 aliorumque
1002 2368 1207 2445 animalium
1222 2377 1325 2462 finge-

125 2479 221 2561 bant,
239 2486 274 2545 et
289 2499 353 2546 sua
369 2480 517 2564 quisque
534 2483 609 2545 arte
629 2478 783 2564 glorians
801 2500 901 2546 suum
919 2501 1006 2565 opus
1022 2481 1207 2566 probabat
1227 2478 1332 2547 que

126 2583 287 2648 dominus
303 2581 405 2648 Iesus
422 2581 510 2647 dixit
526 2583 661 2665 pueris:
693 2582 769 2667 Ego
791 2582 854 2648 ille
871 2602 959 2668 ques
976 2583 1046 2650 feci
1069 2585 1256 2652 simulacra
1269 2585 1333 2650 in·

124 2686 248 2753 cedere
270 2685 410 2751 iubebo.
449 2682 606 2769 Rogatus
627 2705 647 2749 a
667 2685 787 2768 pueris
808 2707 892 2751 num
912 2686 1023 2771 igitur
1042 2688 1212 2756 creatoris
1233 2685 1337 2756 esset

124 2788 234 2873 filius,
257 2789 418 2856 dominus
434 2786 535 2853 Iesus
551 2787 615 2853 ille
629 2787 792 2854 incedere
809 2789 927 2855 iussit:
950 2808 1039 2873 quae
1057 2792 1232 2878 extemplo
1247 2789 1335 2858 aab·

125 2891 221 2959 silire
240 2897 445 2977 coeperuut;
465 2890 604 2974 deinde,
621 2912 699 2957 cum
714 2893 759 2957 iis
774 2892 910 2957 veniam
927 2890 1093 2977 dedisset,
1110 2916 1232 2964 rursus
1247 2892 1335 2963 sub·

125 2996 302 3062 stiterunt.
338 2992 488 3059 Fecerat
511 3000 627 3060 autem
652 2995 765 3060 arium
789 3014 1041 3080 passorumque
1067 2994 1216 3084 figurae,
1237 3010 1335 3084 quae

125 3121 202 3165 cum
223 3099 339 3165 volere
361 3097 456 3181 ipsas
478 3097 617 3164 iuberet
637 3096 815 3181 volabant,
841 3104 877 3165 et
900 3118 978 3165 oum
1002 3106 1095 3166 stare
1121 3102 1334 3169 iuberentur

124 3201 379 3282 consistebant3
401 3220 477 3266 cum
494 3207 609 3266 autem
626 3201 742 3267 cibum
761 3207 797 3268 et
811 3209 931 3286 potum
948 3203 998 3268 eis
1014 3206 1227 3290 porrigeret,
1247 3200 1334 3271 ede·

122 3305 209 3371 bant
225 3310 260 3371 et
273 3303 452 3370 bibebant.
482 3303 673 3387 Postquam
689 3304 854 3371 abierunt
868 3306 969 3388 pueri
986 3312 1021 3371 et
1035 3306 1240 3389 parentibus
1254 3306 1332 3371 iste

13 3440 17 3447 ·
123 3408 197 3475 suis
213 3407 420 3489 retulerunt,
442 3405 608 3472 dixerunt
622 3405 694 3472 illis
710 3413 829 3491 patres
851 3407 1020 3492 ipsorum:
1053 3407 1192 3493 Cavete,
1213 3402 1328 3479 ofilii,

122 3513 249 3577 iterum
267 3529 344 3575 cum
360 3529 401 3574 eo
418 3510 672 3590 consuescatis3
695 3516 748 3576 eet
768 3511 860 3576 enim
875 3509 1067 3593 veneficus;
1089 3512 1202 3598 fugite
1217 3510 1330 3597 igitur

123 3632 202 3679 eum
220 3620 255 3680 et
270 3614 387 3695 vitate,
406 3633 490 3678 neve
507 3613 635 3679 dehinc
652 3615 779 3679 iterum
796 3635 872 3680 cum
889 3635 930 3680 eo
946 3614 1071 3681 ludite.

551 3799 672 3866 Oscor
694 3799 894 3869 XXXVII.

211 3934 368 4021 Quodam
390 3937 446 4003 die
469 3938 630 4003 dominus
647 3936 749 4003 Iesus
769 3955 847 4003 oum
862 3939 981 4021 pueris
998 3938 1199 4006 discurrens
1217 3947 1251 4005 et
1273 3932 1324 3996 1¹¹·

123 4040 210 4105 dens
232 4038 408 4106 officinam
427 4039 589 4106 tinctoris
611 4039 809 4123 praeteriit,
832 4039 932 4107 cuius
951 4061 1078 4106 nomen
1100 4047 1176 4108 erat
1189 4038 1324 4108 Salem

190 4232 309 4284 xxxvl.
327 4232 541 4283 inarmatus»
553 4232 832 4296 aaa-proeaees.-
845 4208 1324 4299 rau1.prosurrinarpnasione

122 4336 189 4385 quse
200 4322 238 4370 sic
249 4319 345 4369 habet:
359 4320 403 4382 qai
412 4318 527 4368 wales
536 4320 624 4367 comcs
632 4334 663 4368 ec
673 4318 984 4384 latcfomcrflagebcat,
998 4320 1092 4378 asam,
1104 4319 1185 4377 bosea,
1196 4315 1325 4369 solem
1368 4342 1370 4387 ;

120 4413 146 4459 et
163 4407 220 4458 alic
236 4408 276 4456 bie
291 4405 402 4463 similia,
420 4409 446 4454 et
463 4406 631 4469 aemulaque
648 4421 720 4455 ecam
737 4406 839 4454 iactans
856 4421 919 4468 apae
935 4421 1011 4469 saper
1025 4389 1327 4469 cucumula-¹⁶2⁴
1368 4412 1370 4423 ·

120 4491 212 4562 efferre
224 4492 365 4542 condatur
