2880 5062
402 1266 983 1365 PROLEGOMENA.

188 1685 324 1752 Actibus
353 1686 577 1769 apostolorum
604 1686 804 1769 apocryphis
832 1705 936 1767 nuper
958 1704 979 1748 a
1000 1705 1052 1750 me
1075 1683 1172 1750 editis
1194 1705 1289 1767 prae-

118 1790 208 1860 faturo
232 1796 507 1881 proficiscendum
527 1798 608 1864 inde
636 1804 708 1863 erat
729 1795 816 1880 quod
841 1795 891 1860 illi
915 1796 1057 1862 obscura
1078 1795 1165 1861 fama
1186 1797 1291 1880 magis

118 1921 201 1982 quam
225 1910 296 1992 ipso
325 1910 435 1975 studio
463 1910 552 1974 inter
572 1909 660 1974 viros
682 1909 798 1974 doctos
820 1907 1041 1973 innotuissent
1063 1906 1203 1973 necdum
1226 1929 1291 1974 ma·

116 2010 175 2078 iore
189 2039 224 2082 ex
237 2025 331 2103 parte
347 2019 428 2086 editi
443 2026 559 2086 essent
595 2019 712 2103 Longo
733 2019 807 2102 alia,
829 2020 951 2083 utiam
972 2023 1041 2082 tum
1057 2018 1290 2102 significabam,

118 2129 336 2210 evangeliorum
359 2131 624 2214 apocryphorum
646 2131 732 2197 ratio
755 2136 814 2195 est
858 2130 931 2194 Ista
954 2129 1041 2194 enim
1058 2150 1160 2213 quum
1178 2130 1291 2213 plures

118 2231 239 2306 editores
260 2263 320 2326 per
342 2243 408 2307 tria
428 2241 510 2307 baec
533 2242 665 2308 saecula
681 2241 887 2323 invenerunt,
910 2247 979 2305 tum
995 2263 1016 2306 a
1029 2240 1142 2306 multis
1160 2242 1290 2325 cognita

119 2345 240 2417 tractata
255 2353 404 2419 adhibita
421 2359 507 2417 sunt
545 2351 663 2438 Neque
682 2353 718 2419 id
737 2353 866 2418 mirum.
905 2352 939 2417 A
952 2352 1067 2435 primis
1083 2354 1170 2418 enim
1186 2354 1290 2419 eccle·

119 2450 172 2519 ⁸580
187 2460 389 2531 Christianae
408 2464 548 2530 saeculis
564 2471 662 2547 quam
679 2466 799 2530 famam
821 2464 1019 2546 habuerunt,
1041 2485 1081 2530 ea
1101 2484 1167 2528 non
1190 2463 1288 2530 modo

120 2561 152 2624 ed
169 2573 308 2659 tempora
330 2576 479 2659 proxime
508 2575 684 2641 subsecuta
711 2576 858 2655 transiit,
886 2575 945 2641 sed
973 2576 1072 2641 etiam
1098 2596 1158 2658 per
1184 2582 1289 2642 totam

119 2668 173 2740 iere
198 2692 334 2752 aetatem
361 2687 502 2751 mediam
528 2687 646 2770 uiguit3
674 2685 761 2751 unde
783 2686 905 2751 factum
928 2692 1038 2751 estut
1060 2693 1093 2751 et
1115 2708 1231 2769 graece
1255 2692 1288 2752 et

120 2778 202 2857 latine
224 2817 320 2880 saepe
343 2796 675 2878 transscriberentur,
703 2803 803 2879 atque
825 2797 861 2860 in
882 2797 1005 2861 multas
1028 2816 1128 2879 quum
1152 2797 1288 2862 orientis

121 2893 175 2961 blm
194 2908 370 2974 occidentis
391 2908 523 2992 linguas
546 2913 826 2973 converterentur.
870 2906 965 2992 Quae
987 2907 1093 2972 famae
1114 2906 1288 2973 celebritas

121 2997 187 3075 binc
203 3037 349 3084 caussam
364 3019 482 3084 habuit
496 3019 584 3103 quod
604 3019 808 3100 traditiones,
827 3021 863 3083 in
878 3017 998 3103 quibus
1017 3023 1091 3084 tota
1104 3024 1288 3103 versantur,

122 3110 266 3196 &Maria
288 3137 322 3195 et
343 3129 481 3213 reliquis
503 3131 581 3196 Iesu
604 3130 810 3214 parentibus,
837 3131 917 3195 item
945 3130 985 3195 de
1013 3136 1089 3195 ortu
1117 3137 1217 3215 atque
1241 3132 1289 3199 in·

122 3220 290 3306 butalesu
305 3242 412 3325 deque
430 3243 556 3308 ultimis
573 3243 644 3308 eius
666 3241 753 3322 latis,
776 3242 1002 3307 curiositatem
1023 3241 1193 3307 hominnm
1215 3248 1287 3306 tan·

121 3335 209 3419 topos,
228 3352 437 3435 occupabant
457 3360 495 3419 ut
512 3353 611 3418 variis
634 3351 739 3419 modis
761 3353 996 3434 excolerentur,
1019 3374 1076 3419 ore
1093 3352 1207 3436 populi
1227 3353 1288 3417 cir·

122 3456 348 3546 emerentur,
376 3463 491 3529 diebus
519 3463 616 3529 iestis
643 3464 880 3544 recitarentur,
909 3463 1110 3529 carminibus
1138 3464 1286 3547 artisque

122 3569 246 3639 boribus
269 3575 542 3679 exprimerentur,
564 3596 671 3659 neque
692 3581 823 3640 tantum
844 3575 999 3658 privatim
1023 3573 1235 3640 crederentur
1254 3581 1288 3640 et

121 3684 261 3750 proceris
284 3685 549 3767 venditarentur,
570 3707 684 3752 rerum
707 3686 822 3765 etiam,
846 3686 1011 3751 canonicis
1033 3686 1212 3769 evangeliis
1234 3685 1287 3751 vel

121 3774 214 3874 inriti,
233 3795 304 3861 ad
295 3817 368 3880 ipsa
386 3796 544 3862 ecclesiae
559 3802 738 3880 praecepta
753 3803 854 3880 atque
869 3797 1023 3862 instituta
1036 3797 1101 3861 vim
1117 3797 1286 3863 haberent.

120 3884 193 3958 ffiu
185 3908 257 3986 ipsis
276 3908 312 3972 in
331 3907 430 3974 rebus
449 3909 559 3991 posita
573 3914 625 3973 ost
639 3908 760 3974 eximia
769 3907 937 3991 quaedam
953 3899 1194 3992 evangeliorum
1209 3926 1287 3992 ap0⁴

121 4013 289 4091 trtuborum
306 4019 467 4103 gravitas:
491 4019 764 4104 quemadmodum
780 4020 868 4085 enim
886 4041 1000 4086 eorum
1015 4025 1200 4103 temporum
1216 4019 1287 4101 qui·

120 4106 166 4182 but
183 4130 318 4208 primum
340 4129 533 4213 prodierunt
553 4131 721 4215 ingenium
738 4131 866 4213 docent,
887 4133 935 4196 ita
957 4132 1058 4196 etiam
1079 4129 1185 4196 lucem
1207 4130 1285 4197 affe·

120 4239 178 4342 funt
194 4239 231 4305 iis
249 4262 333 4325 quae
355 4241 431 4307 inde
455 4248 547 4308 ortae
570 4246 645 4308 sunt
667 4241 787 4307 fabulis
809 4247 909 4326 atque
931 4240 1143 4325 opinionibus
1162 4242 1285 4326 populi,

120 4337 553 4438 lt⁴³111historiaedogmatum,
567 4354 699 4436 rituum,
713 4353 846 4419 artium.
870 4352 976 4438 Quem
990 4352 1032 4418 ad
1047 4373 1144 4417 usum
1155 4351 1285 4418 accedit
