2896 5062
172 371 220 416 XL
638 358 910 411 Pnonnaounua

175 512 225 570 est
247 506 357 571 homil
372 507 471 575 XVI.
496 508 627 588 (XVII.
643 511 731 593 apud
746 511 943 593 Montlauo.)
962 511 1002 574 in
1020 509 1160 575 Iohann.
1182 508 1226 572 τὰ
1248 517 1373 593 σιιμεῑα

175 618 286 702 ἑκεῖρα
308 616 330 680 αἳ
352 619 488 683 ωαιδικὰ
511 624 595 705 εἷμαι
616 629 698 706 φασι
715 618 776 685 τοιΛ
792 618 953 707 Χριστοῦ,
975 616 1089 705 attendis
1106 626 1156 684 καὶ
1171 620 1371 704 ωλάσματά

173 752 277 813 τιμωμ
289 730 556 817 ἑωεισαγόμτασρ
569 734 672 817 ἐστῐμ.
696 733 943 799 Anastasius
956 733 1117 799 Sinaita
1128 731 1376 814 Hodegxffl.

173 861 205 923 p.
220 842 292 907 260.
311 842 359 907 ed.
376 843 524 911 Gretser.
540 844 621 908 dicit
642 845 687 907 τὰ
701 844 878 930 λεγόμεμα
892 843 1029 908 ωαιδικὰ
1044 843 1198 927 θαύματα
1213 838 1276 907 τοῦ
1292 845 1376 928 Χρι-

175 949 260 1018 στοῦ
274 950 387 1037 beatri
404 959 454 1018 καὶ
471 955 667 1021 ἃωόθλιιτα.
692 957 835 1041 Georg.
846 955 1252 1040 SyncellusGhronogr.
1262 976 1294 1037 p.
1302 959 1376 1021 601.

175 1065 223 1129 ed.
242 1065 348 1131 Bonn.
368 1067 471 1132 habet
498 1070 614 1152 ἲστέομ
639 1067 687 1131 ὅτι
712 1069 853 1152 διάφορα
876 1067 1068 1152 εὐαγγέλια
1090 1070 1309 1152 γέγραωται,
1339 1071 1377 1149 ἐρ

174 1176 225 1261 ἆορ
252 1180 407 1262 τέσσαρα
435 1177 519 1263 μὸμα
548 1182 684 1264 κέκριται
711 1186 789 1243 τοῖσ
817 1182 987 1263 μακαρῐοισ
1010 1177 1232 1243 ἇωοστὸλοισ
1256 1181 1376 1242 ἑκκλιι-

175 1287 360 1367 σιόζεσθαι,
391 1293 441 1353 καῖ
469 1290 594 1354 daborc
621 1291 761 1354 ωαιδικὰ
781 1287 845 1355 τοῦ
868 1286 1030 1374 σαοτιῖρσσ
1052 1289 1148 1374 ᾖμῶμ
1172 1293 1376 1375 συγγέγρα-

173 1423 275 1478 ωται,
304 1403 340 1484 ἐμ
366 1404 419 1463 οἷσ
442 1402 475 1463 αῖ
498 1404 590 1485 μέχρι
619 1399 858 1466 δωδεκαετοῦσ
884 1402 1007 1486 χρόμου
1018 1403 1040 1485 ¹)
1067 1395 1135 1464 nio
1157 1399 1244 1464 κατὰ
1266 1399 1377 1485 σάρκα

175 1511 305 1577 ιἰλικῖασ
332 1507 438 1576 αὐτοῦ
462 1508 526 1577 τοῦ
547 1519 621 1596 τῶμ
649 1514 746 1597 (male
775 1510 824 1578 ed.
847 1513 982 1598 τούτωμ
1011 1534 1072 1596 pro
1095 1509 1158 1576 τοῦ
1178 1516 1264 1597 imp)
1291 1513 1377 1578 αῑώ-

176 1647 245 1709 μασμ
269 1618 419 1688 ωσιιιτοῦ
435 1627 717 1709 ἑμωεριῲέ-ρσρται
734 1626 1006 1709 θαυματσύργίαι.
1037 1625 1217 1709 Euthym.
1234 1623 1377 1707 Zigab.

175 1735 217 1801 ad
231 1736 302 1801 Ioh.
318 1735 366 1819 II,
384 1737 432 1799 11.
455 1739 511 1798 ὼσ
526 1737 804 1820 ωαρασιαοωιιθὲμ
826 1742 905 1799 τοῖα
928 1736 1054 1799 daborc
1075 1735 1253 1820 ἷστόριισεμ
1277 1735 1375 1811 αὐτὸ,

174 1842 374 1932 χριισιμεῦομ
391 1850 443 1911 ein
458 1846 750 1932 tentamenta
772 1853 850 1910 τοῖσ
872 1851 1080 1932 λεγομέροισ
1101 1849 1270 1911 ωαιδικοῖσ
1294 1846 1377 1910 θαύ-

176 1982 253 2043 μασι
275 1952 339 2022 tois
354 1952 513 2042 Χριστοῦ.
551 1957 694 2023 Accedit
712 1959 800 2041 quod
819 1978 884 2041 quo
903 1959 1009 2042 magis
1029 1961 1260 2024 canonicorum
1279 1980 1380 2025 evan·

176 2070 335 2155 galiorum
357 2071 538 2154 auctoritas
560 2091 621 2152 per
642 2075 749 2135 totam
768 2069 940 2135 ecclesiam
959 2070 1190 2153 invalescebat,
1213 2073 1379 2138 eominus

175 2183 321 2249 librariis
343 2183 542 2265 praesertim
563 2182 732 2246 monachis
755 2187 868 2263 aptum
890 2182 994 2246 videri
1013 2187 1146 2264 poterat
1163 2182 1264 2247 talem
1282 2183 1378 2249 libel·

176 2295 242 2358 lum
266 2292 426 2375 evangelii
448 2293 580 2358 nomine
605 2313 733 2358 ornare.

261 2403 383 2488 Neque
402 2403 677 2487 praetereundum
700 2408 759 2484 est,
781 2402 1077 2469 Pseudo-Thomae
1098 2403 1221 2469 librum
1239 2405 1378 2472 minime

177 2519 342 2600 integrum
359 2536 543 2598 superesse:
567 2514 656 2597 quod
671 2535 773 2597 quum
796 2536 835 2578 ex
854 2536 975 2597 magna
990 2522 1140 2580 textuum
1157 2517 1377 2598 superstitum

179 2627 373 2707 differentia,
394 2631 466 2691 tum
490 2647 529 2691 ex
551 2647 687 2691 numero
711 2626 893 2690 stichorum
911 2625 975 2707 (ᾳτ’
994 2628 1013 2690 i.
1029 2647 1057 2690 e.
1075 2629 1171 2710 1300)
1196 2628 1321 2693 clarum
1338 2628 1380 2693 iit

179 2760 261 2824 quos
284 2737 488 2820 evangelium
510 2735 658 2803 Thomae
681 2737 970 2819 comprehendisse
998 2738 1033 2801 in
1056 2741 1158 2803 veteri
1183 2745 1232 2802 est
1255 2740 1378 2805 sticho-

177 2851 296 2916 metria
318 2849 360 2914 ad
384 2850 507 2914 calcem
530 2849 813 2932 chronographiae
828 2847 1052 2931 Niceph0r12).
1091 2849 1380 2933 Quemadmodum

178 2963 265 3027 enim
293 2967 344 3026 tot
370 2960 446 3025 libr'i
469 2960 712 3024 haereticorum
741 2960 864 3024 similes
891 2979 1025 3041 prorsus
1048 2959 1170 3025 dudum
1196 2962 1380 3046 perierunt,

179 3074 301 3155 quippe
324 3072 444 3155 quibus
470 3071 599 3135 deesset
622 3071 879 3137 describentium
907 3069 1084 3152 industria,
1110 3072 1159 3136 ita
1187 3072 1260 3153 alii,
1288 3074 1380 3139 inter

179 3204 262 3266 quos
286 3189 335 3247 est
359 3182 504 3248 Thomae
528 3181 748 3264 evangelium,
777 3183 915 3247 resectis
936 3182 1086 3264 partibus
1108 3182 1234 3264 multis,
1256 3183 1299 3248 iis
1320 3205 1380 3267 po-

178 3295 341 3359 tissimum
364 3314 448 3376 quae
471 3292 569 3357 fidem
592 3299 650 3357 aut
672 3293 830 3374 pietatem
852 3293 993 3358 maxime
1017 3293 1227 3377 offenderent,
1252 3295 1293 3360 ad
1315 3316 1380 3361 nos

179 3405 300 3488 perlati
324 3408 409 3469 sunt
453 3404 662 3487 Fragmentis
684 3410 795 3468 autem
815 3402 858 3468 iis
876 3424 960 3486 quae
983 3411 1160 3486 supersunt
1180 3406 1316 3471 nomina
1338 3429 1381 3473 ea

180 3517 321 3599 quaein
344 3517 467 3581 nostris
491 3515 658 3581 codicibus
680 3515 892 3580 inveniuntur
914 3517 1018 3583 multo
1046 3518 1151 3599 magis
1181 3520 1382 3584 conveniunt

180 3647 278 3709 quam
295 3627 455 3709 evangelii
471 3627 598 3690 titulus
636 3625 785 3709 Quorum
801 3625 1060 3709 fragmentorum
1077 3628 1260 3710 antiquitas
1275 3630 1380 3695 etiam

179 3737 255 3802 inde
274 3738 473 3820 perspicitur
489 3737 578 3819 quod
601 3737 833 3819 compilatores
857 3744 890 3801 et
911 3738 1034 3802 latinos
1057 3744 1090 3803 et
1112 3739 1273 3820 arabicos,
1296 3759 1379 3821 quo·

180 3870 252 3914 rum
276 3848 379 3914 libros
402 3848 573 3931 evangelia
595 3848 756 3913 infantiae
779 3847 887 3913 dicere
911 3849 1026 3929 solent,
1052 3870 1072 3913 a
1094 3851 1223 3932 graecis
1246 3850 1380 3917 fabellis

180 3959 301 4025 nostris
323 3958 520 4042 pependisse
543 3964 694 4042 apertum
719 3963 776 4023 est.
820 3957 974 4042 Denique
998 3959 1177 4025 similitudo
1199 3960 1288 4025 inter
1305 3960 1379 4028 Ire·

265 4173 288 4239 1)
306 4176 479 4226 Memorabile
498 4180 541 4225 snt
558 4177 627 4227 hanc
645 4177 744 4226 aetatis
763 4176 824 4227 lesu
845 4177 921 4241 pueri
939 4176 1132 4226 indicationem
1151 4178 1296 4227 convenire
1318 4193 1380 4230 cum

180 4266 257 4312 textu
276 4266 378 4319 nostro,
397 4262 434 4310 cf.
448 4263 578 4326 graecu
597 4276 654 4325 etp.
667 4260 736 4312 XIX.

265 4342 289 4407 ²)
308 4345 376 4395 Vide
394 4345 466 4409 apud
485 4343 613 4395 Oredner:
639 4346 689 4394 Zur
707 4344 870 4396 Gerchichte
889 4345 936 4396 des
954 4345 1066 4396 Kauana
1084 4361 1110 4410 p.
1125 4347 1174 4395 122
1193 4362 1252 4411 sqq.
1278 4347 1379 4414 Georg.
1433 4368 1436 4374 ·

182 4434 300 4500 Syncell.
320 4432 360 4482 ed.
380 4434 467 4482 Bona.
487 4448 514 4496 p.
528 4433 587 4482 788.
631 4466 636 4485 ι
