2880 5062
194 350 258 413 476
589 354 759 405 vmurcrs
781 355 1008 410 sanvsroms.

197 502 286 567 huno
308 504 479 584 mundum,
507 511 541 570 et
563 507 597 569 in
619 505 745 571 Iudaea
767 507 801 570 in
824 508 899 573 loco
923 509 979 592 qui
1003 509 1125 575 dicitur
1147 509 1319 578 Bethleem
1339 535 1381 579 m

194 610 249 669 tus
278 611 341 702 est,
371 611 404 670 et
433 594 576 671 traditus
605 607 669 672 fuit
692 628 712 672 a
733 608 868 674 Iudaeis
891 614 925 674 et
946 609 1132 695 flagellatus
1163 618 1197 677 et
1224 615 1381 680 crucifixus

196 709 230 771 in
256 709 399 774 calvario
422 716 547 793 monte,
570 717 603 775 et
625 711 726 776 tertia
748 710 800 776 die
824 713 1008 778 resurrexit
1030 736 1050 780 a
1073 717 1229 782 mortuis:
1259 723 1293 782 et
1311 718 1382 783 vide

195 817 275 876 runt
297 834 371 878 eum
395 812 549 896 discipuli
572 815 641 887 eius
664 815 699 880 in
722 815 836 880 eadem
860 838 1046 901 carneque
1068 825 1168 884 uatus
1192 826 1257 885 est:
1280 828 1313 886 et
1331 845 1382 887 ma·

143 920 146 924 ’
196 914 365 980 nifestavit
394 936 428 980 se
458 917 629 1001 discipulis
658 918 744 998 eius,
773 924 807 982 et
835 918 1047 985 crediderunt
1073 921 1108 986 in
1137 942 1225 988 euna
1270 923 1316 988 lot
1336 944 1382 989 nos

125 1400 152 1465 ,l

145 1472 150 1520 l

154 1107 156 1110 y
197 1019 331 1101 quidem
353 1019 502 1084 volumus
525 1019 680 1102 discipuli
704 1021 775 1086 eius
797 1021 877 1087 fieri.
914 1021 1015 1088 Nunc
1037 1045 1152 1090 eamus
1175 1032 1210 1091 et
1234 1026 1382 1093 deleamus

195 1121 347 1187 inimicos
376 1121 511 1187 eiusde
538 1126 643 1202 terra,
670 1127 709 1187 ut
735 1145 821 1189 nunc
850 1131 1055 1208 cognoscant
1077 1127 1159 1210 quia
1186 1149 1255 1194 non
1284 1135 1330 1194 est
1351 1131 1383 1194 si·

196 1225 283 1289 milis
306 1225 439 1292 domino
463 1225 524 1291 deo
548 1233 665 1292 nostro
689 1249 788 1310 super
809 1227 931 1294 faciem
952 1234 1072 1296 terrae.

285 1339 311 1378 ¹²
333 1337 482 1404 Consilio
510 1343 620 1402 autem
649 1339 733 1403 inito
761 1340 913 1404 exierunt
942 1339 981 1406 de
1011 1342 1147 1407 civitate
1170 1343 1291 1409 Libiae
1315 1365 1384 1428 quae

196 1440 320 1506 dicitur
347 1441 558 1524 Burgidalla‚
587 1448 620 1507 et
648 1444 871 1509 ascenderunt
898 1445 932 1509 in
960 1445 1091 1529 navigio
1120 1452 1155 1511 et
1183 1455 1385 1530 perrexerant

198 1544 440 1626 lerosolimam,
470 1551 503 1609 et
531 1545 819 1612 circumdederunt
842 1569 981 1632 regnum
1003 1547 1209 1616 Iudaeorum
1234 1559 1268 1617 et
1290 1574 1386 1636 coepe

197 1655 276 1713 runt
308 1648 441 1712 mittere
468 1647 545 1714 illos
572 1649 607 1713 in
634 1648 862 1731 perditionem.
911 1650 995 1716 (lum
1023 1651 1197 1718 audissent
1225 1675 1318 1738 reges
1341 1654 1386 1719 Iu·

198 1750 353 1815 dacorum
385 1769 498 1814 eorum
529 1769 631 1831 opera
662 1756 695 1814 et
726 1749 976 1833 dissipationem
1005 1756 1132 1833 torrae,
1169 1754 1272 1818 irruit
1302 1754 1387 1820 timor

199 1876 298 1938 super
321 1874 378 1919 eos
402 1858 436 1917 et
457 1851 584 1917 turbati
607 1860 684 1918 sunt
707 1852 809 1919 valde.
854 1853 949 1919 Tunc
967 1856 1155 1921 Archelaus
1174 1863 1227 1922 est
1248 1857 1386 1923 turbatas

197 1958 233 2022 in
257 1956 466 2022 sermonibus
490 1957 559 2020 suis
582 1960 616 2021 et
631 1955 715 2021 dixit
733 1955 801 2023 filio
824 1979 882 2022 suo
903 1957 981 2041 Fili,
1004 1959 1117 2041 accipe
1137 1981 1280 2043 regnum
1294 1981 1387 2025 meum

198 2069 233 2129 et
254 2062 364 2128 iudica
385 2060 480 2146 illud,
504 2066 538 2126 et
559 2060 770 2142 apprehende
793 2061 968 2127 consilium
990 2083 1065 2127 cum
1087 2063 1165 2128 aliis
1187 2064 1322 2148 regibus
1342 2065 1387 2148 qui

199 2173 277 2231 sunt
299 2166 334 2230 in
356 2170 446 2229 terra
464 2163 558 2242 Iuda,
581 2168 618 2227 ut
640 2163 776 2245 possitis
799 2163 937 2229 evadere
961 2164 1000 2230 de
1023 2164 1168 2229 inimicis
1190 2168 1320 2232 nost-ria
1352 2165 1388 2231 Et

199 2292 274 2336 cum
305 2267 368 2333 hoo
399 2266 549 2346 dixisset,
582 2266 768 2350 evaginavit
799 2267 944 2350 gladium
976 2288 1072 2333 suum
1103 2274 1139 2333 et
1169 2270 1322 2336 incubuit
1347 2290 1390 2335 su·

199 2393 260 2455 per
290 2391 378 2449 eum,
410 2374 443 2433 et
470 2367 561 2432 flexit
589 2368 735 2451 gladium
765 2390 860 2434 suum
889 2370 1122 2457 acutissimum
1146 2377 1181 2436 et
1208 2372 1388 2437 inseruitiu

199 2480 334 2559 pectore
366 2493 442 2555 suo,
474 2477 507 2536 et
537 2471 602 2536 fuit
631 2478 790 2537 mortuus.
836 2471 862 2512 ¹³
883 2471 991 2537 Filius
1022 2479 1134 2538 autem
1166 2476 1336 2559 coniungit
1362 2495 1388 2539 se

201 2599 275 2642 cum
299 2576 373 2642 aliis
397 2574 530 2657 regibus
554 2574 610 2656 qui
634 2574 694 2640 sub
718 2575 791 2658 ipso
815 2580 924 2655 erant,
951 2579 984 2640 et
1006 2581 1209 2659 acceperunt
1232 2577 1388 2642 consilium

199 2804 275 2853 ASax
290 2803 362 2852 litae
378 2801 510 2865 respondit
527 2801 552 2848 ei
568 2804 594 2849 et
607 2800 675 2850 dicit
689 2801 735 2858 Ol,
755 2801 815 2865 qaid
833 2816 883 2850 eon
901 2802 1047 2850 comiderae
1064 2801 1091 2849 ia
1110 2803 1189 2851 corde
1208 2807 1261 2861 tac,
1279 2802 1387 2852 tedelem

199 2889 303 2938 credere
325 2889 352 2935 im
375 2889 565 2951 competentem
585 2887 658 2934 &am
681 2890 707 2935 et
727 2887 809 2935 aivam
829 2891 944 2949 patrem,
968 2891 993 2935 et
1010 2887 1134 2950 quamodo
1151 2887 1273 2938 calcator
1290 2889 1387 2936 creora

193 2974 271 3036 filiae
287 2975 330 3024 dei
347 2977 423 3022 matu
440 2976 498 3021 erat
515 2973 542 3020 im
560 2973 667 3026 Iudaea,
685 2973 713 3020 ia
731 2974 841 3021 Iudaica
859 2974 963 3023 civitate
977 2972 1117 3030 Bethleem,
1135 2977 1161 3022 et
1178 2974 1301 3038 quomodo
1312 2971 1387 3022 ludaei

192 3060 397 3127 flagellaverant
420 3074 474 3107 eam
498 3061 523 3106 et
546 3057 731 3120 suspenderant
747 3058 774 3106 ia
792 3074 878 3116 mace,
899 3073 948 3120 per
965 3058 1100 3115 invidiam,
1126 3063 1152 3106 et
1170 3059 1293 3122 moda
1311 3061 1386 3121 putea

199 3146 313 3195 earrecit
331 3162 347 3192 a
364 3145 472 3193 moetaic
488 3145 568 3192 tertia
584 3143 639 3199 ἀὼς
665 3148 690 3191 et
707 3143 830 3205 discipali
851 3145 905 3192 eice
926 3148 951 3192 et
969 3143 1061 3206 plum
1083 3142 1134 3192 alii
1152 3146 1265 3208 posthac
1286 3144 1386 3192 vicena

199 3247 254 3280 eam
272 3232 298 3278 in
316 3231 402 3279 eadem
420 3245 497 3278 carae
515 3230 542 3278 ia
560 3244 610 3292 qaa
628 3234 686 3277 erat
710 3232 801 3284 antem·
825 3233 851 3277 et
873 3231 944 3278 intra
962 3230 1138 3293 quadraginta
1159 3230 1218 3279 diei
1236 3233 1297 3294 poet
1317 3243 1385 3276 rem·

199 3317 334 3365 rectionem
346 3330 417 3364 mam
430 3316 499 3364 cirac
513 3318 551 3363 ert
562 3314 698 3378 discipulis
715 3315 776 3372 cair,
795 3318 820 3362 et
837 3315 857 3363 ii
874 3330 958 3363 omnes
975 3314 1093 3362 videram
1110 3314 1155 3362 cli
1172 3316 1289 3364 mandit
1305 3316 1330 3362 ie
1344 3327 1384 3361 coc

199 3401 250 3451 lam
273 3417 327 3450 cam
350 3416 443 3464 mapsa
462 3404 599 3465 potestate.
635 3402 720 3464 Atque
741 3416 786 3464 eqo
808 3401 860 3449 ecio
883 3417 937 3449 eam
959 3417 1012 3449 erre
1033 3415 1119 3449 mm
1141 3400 1225 3451 dnm.
1263 3401 1312 3449 Sed
1332 3399 1383 3453 aeni,

198 3488 291 3547 flamus
312 3487 383 3536 ambo
404 3487 458 3534 eiae
475 3485 608 3549 discipali,
631 3471 759 3534 creamus
776 3490 801 3533 ct
818 3485 972 3534 ulciscamur
989 3501 1043 3535 eam
1061 3488 1087 3533 et
1102 3484 1235 3535 dotem
1250 3501 1330 3535 amaea
1344 3485 1385 3532 eim

199 3574 314 3622 inimicos
331 3574 362 3622 dc
379 3573 439 3620 ciaa
456 3575 541 3628 lema,
564 3575 593 3619 ut
610 3585 693 3619 omnes
709 3570 826 3618 matiam
842 3571 870 3618 ia
887 3573 1015 3633 posteram
1032 3574 1187 3634 cognoscant
1207 3575 1234 3620 et
1255 3570 1383 3634 aenaeae

198 3673 320 3722 amquam
338 3658 365 3705 ia
383 3657 461 3706 uarie
478 3656 584 3705 similem
602 3656 656 3706 ciac
673 3670 819 3719 quemquam
836 3656 997 3718 apparuisse.

288 3754 329 3800 12.
367 3750 478 3799 Consilio
502 3754 584 3798 autem
607 3750 671 3798 inito
696 3750 775 3811 (hacc
800 3764 832 3798 ex
856 3750 922 3799 Amb
947 3753 1025 3808 eunt;
1054 3748 1112 3798 Von
1137 3754 1263 3814 corrupte
1287 3749 1323 3797 nil
1343 3744 1384 3795 niti

202 3836 283 3900 Nato)
302 3852 394 3900 -qaae
415 3837 512 3884 dieitur
529 3834 689 3898 Barpidalla
708 3834 786 3897 (Amb
805 3835 935 3898 tarpaei)
953 3860 964 3871 ·
981 3840 1040 3884 aaut
1062 3834 1151 3884 valde:
1174 3835 1302 3885 similiter
1317 3831 1384 3885 ism

198 3923 251 3972 nisi
272 3923 342 3985 quod
360 3938 416 3972 non
435 3922 600 3986 habetqaae
622 3923 674 3970 dic.
694 3923 805 3984 Barata.
829 3925 834 3966 t
860 3921 929 3970 lianc
947 3921 1092 3970 Archelaou
1112 3925 1187 3971 etc:‘
1201 3921 1277 3971 ASex
1295 3921 1330 3969 m
1344 3917 1384 3968 lle

197 4007 274 4057 rader
297 4023 343 4055 rec
366 4009 405 4056 ita
427 4009 573 4072 timefactae
595 4011 634 4056 ert
657 4013 685 4056 ut
706 4009 804 4057 diceret
825 4007 954 4057 Archelao
974 4006 1037 4072 filio
1060 4022 1105 4056 eea
1129 4011 1173 4057 etc
1199 4005 1204 4071 Ι
1227 4008 1313 4056 iudica
1333 4002 1385 4054 illel

199 4109 230 4142 ex
249 4093 329 4151 Amb3
349 4094 407 4141 Ven
425 4093 512 4142 iudica
530 4109 584 4141 eam
599 4093 604 4154 1
619 4094 765 4156 evaginavit
782 4122 791 4132 ·
810 4096 924 4142 maricae
941 4107 973 4141 ex
986 4093 1059 4152 Ven;
1078 4093 1145 4142 Amb
1164 4093 1321 4143 amentavit
1336 4087 1386 4152 (rie)

199 4178 314 4226 lanceam
335 4194 406 4226 wasa
427 4183 452 4226 et
468 4177 534 4238 ficit
554 4194 609 4227 eam
629 4179 656 4226 im
675 4181 759 4237 terra,
781 4183 807 4227 et
824 4179 933 4228 iactavit
950 4195 976 4228 re
994 4193 1143 4243 supeream
1160 4182 1188 4228 et
1205 4182 1325 4228 meleu.
1356 4174 1386 4222 Sl·

198 4265 300 4312 militer
317 4262 402 4312 ASax.

286 4352 327 4399 13.
366 4349 449 4398 lilim
472 4353 555 4398 actem
579 4379 589 4389 -
612 4351 786 4400 mutarerunt
810 4349 875 4413 (eie;
903 4349 997 4400 deesse
1022 4350 1126 4415 aliquid
1151 4350 1273 4412 ridetur)
1296 4374 1307 4385 ·
1328 4345 1389 4397 anea

197 4439 304 4497 reptem:
328 4435 403 4484 ASax
425 4435 463 4483 Et
483 4434 628 4484 Archelaus
643 4435 720 4501 flues
743 4436 797 4485 eiua
820 4436 889 4484 venit
911 4451 966 4484 cam
990 4436 1053 4485 aliie
1074 4434 1179 4500 regitat
1201 4436 1245 4500 qui
1265 4432 1390 4499 regnabat
