2896 5062
276 343 480 398 DESCRNSUS
499 343 641 395 cnms'rl
658 345 707 395 AD
725 342 888 417 messos,
913 344 1041 396 lx-xr.
1197 344 1257 407 431

145 498 276 565 Deinde
300 496 461 562 exivimus
483 496 601 589 exinde
625 516 738 561 omnes
765 517 840 560 num
862 496 1010 581 domine,
1036 498 1260 581 relinquentes

57 606 163 672 Satan
187 609 221 668 et
241 602 406 666 infernum
430 602 464 665 in
487 606 658 666 tartarum.
696 598 872 684 Nobisque.
895 606 928 665 et
949 601 1025 666 aliis
1040 601 1152 666 multis
1166 622 1260 685 prae-

56 713 190 791 ceptum
223 713 275 770 est
306 711 343 769 ut
374 726 448 768 eum
480 724 621 787 corpere
649 724 910 788 resurgeremus,
942 704 976 768 in
1008 705 1118 769 seculo
1146 704 1261 770 dantes

56 812 287 879 testimonium
319 809 573 875 resurrect-ienis
605 808 729 875 domini
760 811 870 875 nostri
897 808 976 875 Iesu
1000 809 1126 875 Christi
1157 816 1190 875 et
1221 811 1261 875 de

56 917 102 980 iis
125 936 211 1000 quae
234 919 327 998 gesta
349 919 426 978 sunt
448 911 536 995 apud
559 912 693 977 inferos.

145 1021 240 1086 Haeo
271 1024 363 1100 sunt,
393 1018 513 1082 fratres
547 1017 725 1098 carissimi,
757 1038 842 1100 quae
872 1017 1013 1081 vidimus
1044 1023 1078 1082 et
1107 1018 1261 1083 testifica-

56 1147 134 1191 mur
161 1123 302 1189 adiurati
331 1144 352 1187 a
378 1121 488 1204 robis,
517 1121 576 1185 ille
605 1126 784 1186 attestante
811 1121 868 1203 qui
896 1143 958 1203 pre
986 1120 1083 1185 nobis
1110 1127 1261 1186 mortuus

57 1237 111 1296 est
143 1235 176 1292 et
207 1226 407 1305 resurrexit;
444 1225 524 1309 quia
555 1225 642 1290 sieut
675 1227 834 1308 seriptum
866 1231 933 1305 est,
970 1225 1019 1289 ita
1050 1232 1179 1307 gestum
1211 1231 1262 1290 est

56 1355 118 1419 per
140 1354 259 1398 omma.

452 1505 570 1571 (larun
593 1504 659 1571 XI.
686 1503 869 1589 (XXVH.)

145 1643 195 1708 At
218 1642 275 1707 ubi
297 1643 415 1708 charta
437 1644 601 1727 completa
624 1648 657 1707 et
680 1642 827 1725 perlecta
855 1648 919 1723 est,
949 1642 1121 1707 audientes
1150 1664 1262 1707 omnes

58 1746 250 1811 ceciderunt
272 1747 307 1810 in
329 1746 432 1811 facies
456 1767 542 1826 suae,
565 1746 779 1811 lacrimantes
802 1767 914 1811 amare
938 1752 971 1811 et
993 1747 1171 1812 crudeliter
1189 1768 1262 1829 per·

58 1852 223 1915 cutientes
247 1856 385 1933 pectora
408 1870 482 1931 sua,
510 1849 690 1914 clementes
714 1855 748 1913 et
769 1848 916 1915 dieentes
945 1872 1004 1934 per
1032 1852 1157 1915 omnia:
1188 1850 1262 1917 Vae

58 1952 172 2019 nobis:
204 1960 242 2018 ut
271 1954 350 2037 quid
380 1953 475 2018 nobis
507 1953 636 2018 miseris
667 1953 829 2037 contingit
860 1954 947 2020 hoe?
991 1953 1094 2037 Fugit
1120 1954 1262 2036 Pilatus,

58 2056 145 2139 fugit
166 2056 285 2121 Annas
309 2062 342 2120 et
364 2055 516 2139 Caiphae
539 2056 672 2139 fugiunt
694 2055 881 2121 sacerdotes
904 2062 938 2122 et
958 2057 1105 2139 Levitae,
1127 2057 1263 2139 insuper

59 2164 94 2224 et
114 2159 258 2242 populus
280 2158 496 2243 Iudaeorum,
527 2160 696 2242 plorantes
724 2180 763 2225 ae
792 2160 952 2226 dicentes:
983 2160 1055 2228 Vae
1081 2163 1176 2226 nobis
1203 2162 1262 2226 mi·

58 2260 151 2343 seris,
174 2261 368 2344 sanguinem
392 2254 543 2326 sanettim
565 2260 600 2325 in
622 2266 713 2327 terra
735 2261 919 2327 effudimus,

145 2363 267 2430 Tribus
295 2364 409 2449 itaque
432 2363 547 2429 diebus
575 2369 609 2428 et
635 2365 742 2430 tribus
770 2365 923 2431 noctibus
945 2386 1062 2448 panem
1086 2371 1120 2430 et
1140 2386 1262 2449 aquam

56 2486 125 2530 nen
167 2471 386 2547 gustaverunt
427 2465 495 2530 ullo
540 2464 660 2550 modo,
702 2487 809 2550 neque
851 2467 887 2531 in
929 2486 1100 2551 synagoga
1140 2466 1262 2549 aliquis

56 2590 171 2634 eorum
201 2575 252 2634 est
279 2590 438 2635 reversus.
483 2567 598 2634 Tertia
625 2590 703 2635 vero
731 2568 784 2636 die
811 2571 933 2636 iterum
960 2577 1160 2654 congregato
1188 2591 1262 2635 enn-

54 2673 134 2737 cilio
164 2674 314 2756 perlecta
341 2679 392 2737 est
414 2673 481 2738 alia
502 2672 621 2738 charta
642 2672 777 2738 Leueii:
810 2679 844 2738 et
875 2694 935 2739 nee
966 2674 1040 2758 plus
1066 2695 1127 2739 nee
1155 2674 1262 2738 minus

53 2777 228 2841 inventum
258 2783 322 2860 est,
353 2782 514 2860 <ruentum
541 2777 584 2842 ad
611 2777 757 2842 litteram
786 2798 901 2861 unam,
931 2779 966 2842 in
993 2783 1155 2862 quantum
1183 2777 1261 2842 seri-

55 2886 151 2963 ptum
179 2878 303 2944 Karini
333 2879 532 2944 continebat.
576 2877 671 2944 Tune
701 2879 901 2945 conturbata
933 2884 983 2944 est
1013 2900 1196 2964 synagoge,
1228 2887 1262 2946 et

54 2986 213 3050 luxerunt
252 3005 364 3049 omnes
400 2983 468 3050 XL
503 2983 618 3049 diebus
655 2990 689 3049 et
724 2984 791 3051 XL
828 2984 1000 3067 noctibus,
1036 2991 1262 3068 exspectantes

53 3114 75 3155 a
107 3089 169 3154 deo
202 3091 374 3156 interitum
405 3096 439 3155 et
467 3088 520 3154 dei
550 3088 740 3156 vindictam.
793 3088 859 3156 sed
892 3090 949 3155 ille
980 3091 1156 3155 miserator
1188 3092 1262 3173 pius

58 3232 273 3241 .————-—.

145 3317 188 3371 Cf.
208 3321 230 3370 Α
249 3320 295 3371 xl.
330 3335 412 3369 omnes
430 3355 438 3371 .
457 3355 465 3370 .
484 3334 502 3372 Δ
519 3318 573 3370 add
591 3321 675 3370 teneti
696 3319 702 3385 1
727 3320 784 3369 Set.
803 3323 828 3369 ot
851 3321 900 3387 inf.
920 3323 947 3369 in
970 3324 1034 3369 tart.
1061 3336 1119 3370 cum
1139 3334 1154 3371 (¹
1174 3356 1203 3370 ..
1224 3335 1260 3374 nu

61 3407 146 3456 Salas
163 3407 190 3454 in
208 3407 336 3472 infernum
353 3410 358 3467 Ι
377 3419 410 3457 nc
429 3405 509 3455 Nobis
527 3420 622 3470 quoque
640 3410 665 3456 et
679 3403 684 3472 Ι
699 3421 716 3457 Δ
735 3422 790 3455 eum
808 3405 935 3471 eoeperit.
954 3406 1102 3469 pertriste
1120 3421 1161 3455 our
1180 3408 1212 3455 de
1230 3408 1263 3455 iis

61 3489 65 3556 Ι
90 3506 107 3541 Δ
125 3495 150 3538 et
168 3506 232 3554 quae
246 3494 321 3554 perta
338 3506 359 3541 a.
377 3506 418 3552 ap.
437 3490 485 3554 iss.
503 3492 657 3555 referremus

149 3578 234 3626 adiur.
255 3593 272 3626 α
290 3577 359 3626 vobit
377 3612 383 3626 .
400 3612 406 3625 .
426 3589 444 3626 B
461 3578 531 3641 apud
548 3594 593 3626 nor

145 3680 191 3731 lil.
229 3679 271 3730 Ol.
291 3682 312 3731 Α
331 3680 378 3731 lll.
409 3682 446 3730 At
468 3681 512 3728 ubi
529 3706 539 3716 ·
559 3681 611 3729 die.
633 3696 681 3743 per
703 3679 787 3729 onmia
809 3696 867 3729 cum
893 3678 921 3731 C,
939 3680 1023 3729 Paulo
1042 3679 1177 3730 breviores
1196 3686 1261 3731 aunt

61 3783 106 3825 rr.
134 3771 139 3829 Ι
167 3769 245 3833 Fups't
268 3769 371 3819 Pilatus
393 3774 437 3819 ete
462 3784 520 3819 eum
544 3782 559 3819 c
584 3805 617 3818 ..
640 3784 674 3820 ac
698 3769 775 3832 Rupit
792 3768 846 3817 Pil.
870 3772 894 3815 el
922 3768 951 3830 (s
969 3768 1024 3831 om)
1052 3770 1173 3820 Imleeor.
1199 3785 1261 3834 pop.

60 3860 138 3925 rupit.
163 3861 241 3907 Anna
258 3863 284 3908 et
297 3858 384 3922 caspe.
399 3858 504 3920 pariter
522 3856 593 3906 illast
611 3856 640 3921 (s
655 3858 767 3919 pariter,
785 3855 932 3919 antequam)
946 3856 1077 3919 plorando
1095 3856 1126 3920 (u
1139 3862 1204 3907 -ntea
1218 3856 1261 3919 ee)

78 3962 87 3993 r
145 3960 172 3993 er

58 3946 238 4077 dcemiterium
264 4043 351 4091 conpr.
374 4026 483 4075 coneilio
511 4025 629 4088 perlecta
656 4025 700 4087 (lr.
728 4026 747 4076 l.
774 4040 791 4077 s
815 4024 949 4087 praelecta
976 4026 1073 4081 habet,
1106 4025 1153 4074 sed
1181 4042 1261 4090 supra

57 4116 126 4165 lueis
152 4115 185 4164 iis
209 4113 331 4178 pluribus
354 4113 400 4162 ubi
419 4111 536 4176 praelep.
556 4112 635 4161 mulis
653 4127 730 4176 qnam
749 4111 866 4174 perlep„
894 4112 977 4160 leetio
997 4128 1051 4161 non
1071 4112 1196 4172 fluctuet)
1218 4116 1261 4159 etr

61 4240 92 4255 ..
113 4216 129 4255 c
147 4206 273 4267 resumpto
292 4204 386 4267 spirita
406 4204 621 4265 eonprepanerust
639 4199 772 4249 concilium
790 4203 819 4248 et
836 4199 949 4262 legerent
967 4197 1056 4246 Leueii
1078 4200 1207 4247 chartam:
1233 4199 1260 4246 ie

59 4307 110 4356 qua
127 4288 304 4340 continebatur
321 4291 399 4338 totum
419 4287 486 4336 illud
505 4288 569 4351 quod
587 4286 728 4348 scripsere!
747 4285 867 4343 Oarisss,
895 4300 942 4332 ner
960 4284 1024 4346 plus
1044 4300 1090 4332 nee
1111 4286 1194 4332 miuus
1209 4300 1261 4331 usu

58 4378 149 4427 littera
167 4379 219 4428 rive
236 4392 311 4426 usum
328 4376 391 4424 iota.
411 4373 416 4436 Ι
438 4390 455 4425 n
472 4373 640 4435 exspectando
661 4375 666 4433 Ι
686 4389 703 4420 a
720 4373 767 4421 deo
785 4376 829 4421 ete
848 4386 906 4421 enm
925 4383 941 4421 t·
961 4405 968 4418 .
990 4406 998 4419 .
1023 4370 1159 4433 equando
1178 4370 1261 4417 reniet

57 4466 245 4523 etcinerem
264 4476 281 4512 Β
300 4464 425 4525 corrupte
445 4458 545 4524 quando
562 4460 624 4508 dese
640 4459 738 4507 veniret
755 4459 782 4507 is
801 4458 880 4507 terrie
