2880 5062
276 365 510 418 wantsumu
528 367 719 418 moenum:
737 367 928 422 enimcum.
959 368 990 419 la.
1008 368 1053 419 m.
1204 367 1265 431 207

47 507 199 599 Aleph,
228 519 393 602 magister
413 539 491 584 eum
512 518 604 584 Beth
625 519 857 604 pronunciare
878 519 992 584 iussit.
1039 517 1112 584 Oui·
1128 539 1268 603 respon·

52 614 152 684 dens
170 620 331 688 dominus
348 622 464 705 IesuS,
486 622 555 687 Dic
578 623 678 705 mihi,
700 623 831 706 inquit,
853 624 949 707 prius
973 623 1266 707 significationem

52 715 206 790 litterae
225 721 358 810 Aleph,
381 732 417 792 et
435 731 509 792 tum
529 725 621 791 Beth
641 725 892 811 pronunciabo.
936 726 1008 792 Hic
1029 748 1106 792 oum
1128 724 1267 790 sublata

55 840 170 892 manu
191 847 269 893 eum
289 827 510 894 verberasset
524 829 706 913 magister,
729 829 914 896 confestim
933 850 1056 894 manus
1077 829 1189 912 ipsius
1212 848 1267 893 ex·

60 928 168 1012 aruit,
186 936 221 996 et
235 937 393 998 mortuus
410 937 473 997 est.
504 931 603 999 Tunc
620 932 709 998 dixit
723 931 895 1017 Iosephus
911 932 1016 999 herae
1032 933 1183 998 Mariae:
1206 930 1264 996 Ab

62 1024 132 1096 loc
148 1039 302 1118 tempore
319 1055 390 1101 non
407 1036 562 1102 sinemus
579 1056 657 1102 enm
675 1037 775 1104 domo
794 1037 899 1119 exire,
922 1037 1088 1121 quoniam
1104 1035 1264 1128 quisquis

66 1131 137 1218 ipsi
152 1136 354 1205 adversatur
369 1146 479 1207 morte
498 1140 676 1224 plectitur.

572 1379 693 1449 Orsus
715 1382 755 1448 L.

153 1548 295 1617 Etcum
318 1550 431 1618 factus
453 1561 546 1619 esset
569 1574 740 1621 annorum
762 1554 960 1635 duodecim,
987 1553 1162 1619 duxerunt
1186 1574 1265 1619 eum

81 1646 341 1740 Hierosolymam
362 1654 406 1720 ad
423 1655 561 1722 festum.
597 1657 715 1724 Finito
732 1662 849 1724 autem
865 1656 955 1724 festo
970 1657 1038 1740 ipsi
1056 1657 1198 1741 quidem
1213 1678 1264 1722 re·

11 1838 14 1847 Ι
80 1750 253 1839 'verterunt
276 1757 341 1823 sed‘
356 1758 515 1826 dominus
531 1759 633 1826 Iesus
650 1762 818 1828 remansit
838 1761 1020 1845 intemplo
1037 1761 1131 1827 inter
1147 1762 1264 1827 docto·

85 1874 131 1924 res
149 1867 178 1928 et
192 1862 349 1928 seniores
371 1867 406 1927 et
421 1863 578 1930 eruditos
600 1885 641 1931 ex
657 1864 740 1932 filiis
756 1864 918 1947 Israelis,
940 1886 1027 1949 quos
1045 1864 1086 1929 de
1104 1865 1263 1930 scientiis

84 1963 161 2029 vana
176 1965 428 2050 interrogabat,
451 1974 487 2033 ot
505 1969 658 2035 vicissim
682 1971 732 2035 eis
753 1968 997 2054 respondebat.
1045 1966 1147 2033 Dixit
1168 1968 1262 2032 enim

86 2059 157 2131 illis:
177 2067 327 2135 Messias
344 2071 444 2135 cuius
461 2078 514 2136 est
529 2070 646 2137 filius?
681 2072 953 2156 Responderunt
968 2069 1039 2137 illi:
1062 2070 1176 2136 Filius
1192 2069 1264 2135 Da·

84 2164 163 2235 vidis.
200 2169 316 2256 Quare
343 2194 441 2257 ergo,
467 2175 598 2259 inquit,
623 2175 660 2239 in
685 2176 812 2258 spiritu
837 2182 937 2240 vocat
960 2174 1060 2239 illum
1086 2173 1262 2240 dominum

85 2285 178 2357 suun,
200 2297 278 2341 cnm
300 2275 400 2341 dicit:
431 2275 533 2342 Dixit
548 2277 708 2343 dominus
725 2278 865 2344 domino
886 2299 978 2345 meo:
1009 2276 1100 2344 Sede
1123 2276 1167 2342 ad
1184 2276 1263 2342 dex·

84 2373 154 2440 tren
165 2399 284 2462 meam,
302 2387 341 2446 ut
355 2381 472 2447 hostes
488 2387 568 2448 tuos
584 2382 742 2467 vestigiis
757 2382 885 2467 pedum
901 2388 1039 2448 tuorum
1056 2378 1265 2447 subiiciam?

84 2467 194 2546 Rursus
219 2482 310 2548 dixit
339 2483 372 2548 ei
396 2485 558 2569 princeps
584 2486 782 2552 doctorum:
827 2485 1009 2570 Legistine
1034 2482 1168 2551 libros?
1213 2483 1264 2550 Et

84 2567 180 2665 libros,
195 2585 312 2670 inquit
328 2586 488 2655 dominus
504 2589 616 2672 Iesus,
634 2596 669 2656 et
684 2611 726 2656 ea
742 2611 832 2674 quae
849 2590 885 2655 in
902 2587 1003 2656 libris
1020 2590 1259 2668 continentur;

85 2681 111 2741 tt
122 2685 295 2770 explicavit
304 2690 413 2758 libros
431 2698 466 2758 et
481 2692 594 2777 legem
611 2699 646 2759 et
658 2698 845 2778 praecepta
860 2699 896 2758 et
905 2698 1037 2759 statuta
1052 2699 1088 2758 et
1097 2693 1261 2777 mysteria

84 2795 153 2860 luae
167 2789 200 2855 in
216 2791 318 2860 libris
333 2795 581 2880 prophetarum
595 2797 829 2878 continentur,
846 2816 902 2861 res
913 2816 1000 2881 quas
1017 2794 1150 2861 nullius
1166 2815 1261 2860 orea-

82 2882 159 2955 turae
173 2894 373 2964 intellectus
390 2900 600 2984 assequitur.
630 2899 732 2965 Dixit
747 2920 829 2984 ergo
847 2898 969 2964 doctor
986 2899 1064 2965 ille:
1087 2898 1164 2983 Ego
1180 2898 1261 2965 hac-

81 2982 164 3061 lenus
181 2998 286 3065 talem
308 3001 491 3067 scientiam
514 3022 578 3067 nec
601 3008 808 3067 consecutus
833 3022 908 3067 sum
933 3023 998 3068 nec
1023 3001 1153 3068 audivi:
1179 3003 1259 3084 quis

80 3087 207 3186 leudem,
223 3110 338 3187 putas,
355 3125 442 3189 puer
460 3106 526 3170 iste
545 3103 636 3172 erit?

555 3327 675 3394 Garun
697 3327 758 3393 LI.

19 3486 24 3539 Ϊ
147 3493 299 3583 Cumque
322 3499 462 3566 adesset
486 3500 617 3566 ibidem
638 3499 885 3584 philosophus,
911 3499 1144 3566 astronomiae
1166 3498 1258 3582 peri-

16 3608 19 3615 '
68 3579 126 3668 tus,
145 3608 367 3686 rogassetque
380 3603 558 3669 dominum
574 3603 692 3669 Iesum
707 3626 790 3670 num
807 3603 1039 3669 astronomiae
1051 3602 1256 3685 studuisset,
1373 3604 1375 3609 ’

65 3694 235 3776 respendit
251 3708 282 3770 ei
294 3706 454 3773 dominus
465 3707 567 3774 Iesus
584 3709 812 3792 exposuitque
830 3727 1011 3772 numerum
1029 3706 1254 3790 sphaerarum

7 3784 11 3901 s
64 3789 90 3847 ⁸i
116 3820 296 3893 corporum
321 3812 542 3895 caelestium,
574 3832 761 3895 eorumque
788 3817 931 3876 naturas
960 3817 996 3875 et
1021 3811 1253 3894 operationes,

61 3899 323 3996 ⁰PPositionem,
347 3922 527 4000 aspectum
548 3917 774 4000 triquetrum,
797 3902 1006 3999 quadratum
1028 3920 1064 3979 et
1085 3913 1253 3991 sextilem,

59 4002 194 4080 ⁰¹¹rsum
225 4017 407 4085 directum·
428 4020 618 4086 eorundem
650 4027 685 4086 et
714 4018 1064 4104 retrogradationem,
1102 4016 1256 4100 scripula

55 4103 356 4273 (⁸1⁰¹{ilulorumque
388 4125 636 4209 sexagesimos,
667 4124 805 4209 aliaque
833 4145 921 4208 quae
947 4124 1037 4190 ratio
1063 4145 1131 4190 non
1162 4141 1257 4188 asse-

77 4215 185 4286 ultur.

53 4325 266 4376 K

132 4424 171 4480 1¹L
187 4450 285 4486 careum
296 4438 436 4488 directum
448 4438 487 4489 ita
500 4438 540 4488 ΡΙ.
553 4455 601 4505 pro
610 4439 814 4504 promessionem

133 4518 237 4582 'tripula
249 4539 298 4573 cer.
311 4526 494 4590 moyam.-
506 4525 547 4575 ite
559 4525 599 4575 lo.
612 4539 660 4590 pro
673 4530 814 4590 carpum
824 4526 931 4593 denique
943 4531 969 4577 et
976 4523 1237 4591 musticafimm
1294 4568 1297 4573 .
