2880 5062
279 366 612 418 Pscuoo-Msrrnsnl
630 367 871 417 avuncunlum
899 364 972 415 CAP.
990 364 1084 413 xxxi.
1218 362 1275 425 101

99 517 133 582 sit
144 517 257 599 Thau,
282 524 318 582 et
338 538 402 601 ego
425 517 537 582 dicam
557 518 624 583 tibi
647 517 731 600 quid
754 519 800 582 sit
814 513 942 600 Aleph.
977 515 1025 581 Et
1046 516 1171 580 iterum
1192 514 1280 578 dixit

99 620 133 685 sd
151 640 206 685 cos
222 620 338 685 Iesus:
372 620 440 703 Qui
465 643 534 686 non
555 627 686 685 norunt
701 620 833 704 Aleph,
854 619 952 685 Thau
970 619 1143 704 quomodo
1161 619 1277 683 dicere

101 730 241 806 possunt,
263 722 489 807 hypocritae?
524 722 644 788 Dicite
665 724 749 806 quid
772 725 818 787 sit
837 724 987 807 primum
1001 721 1135 805 Aleph,
1157 727 1192 786 et
1214 742 1277 803 ego

102 832 170 891 tunc
183 827 276 892 vobis
294 826 432 890 credam
450 847 526 891 cum
544 826 704 892 dixeritis
720 825 823 891 Beth.
847 826 896 891 Et
911 827 1028 909 coepit
1043 826 1144 891 Iesus
1162 826 1279 909 singu·

104 927 192 992 lorum
207 930 402 995 litterarum
419 929 560 994 nomina
575 931 804 1011 interrogare,
821 935 856 993 et
867 928 967 993 dixit:
991 928 1098 994 Dicat
1113 929 1280 1013 magister

105 1030 184 1116 legis,
203 1035 313 1117 prima
328 1032 448 1096 littera
464 1032 548 1115 quid
566 1033 622 1113 sit,
643 1031 697 1097 vel
714 1054 821 1115 quaro
838 1032 1033 1115 triangulos
1049 1032 1178 1097 habeat
1193 1031 1279 1094 mul-

106 1140 155 1216 tos,
169 1138 335 1222 gradatas,
359 1140 559 1222 subacutos,
576 1140 758 1221 mediatos,
778 1140 959 1221 obductos,
982 1140 1182 1223 productae,
1206 1161 1279 1204 ere·

107 1245 172 1320 ctos,
186 1248 320 1324 stratos,
338 1244 574 1308 curvistratos.
613 1242 700 1308 Cum
716 1249 833 1308 autom
851 1242 936 1307 Levi
952 1242 1017 1307 hoc
1034 1243 1202 1324 audisset,
1221 1242 1278 1307 ob-

108 1344 298 1426 stupefactus
316 1351 370 1410 est
385 1345 428 1409 ad
446 1352 578 1410 tantam
591 1345 860 1429 dispositionem
876 1347 1054 1411 nominum
1070 1345 1277 1410 litterarum.

108 1442 207 1512 ‘runc
231 1450 348 1531 coepit
373 1451 510 1513 cunctis
535 1448 762 1514 audientibus
785 1449 934 1514 clamare
961 1455 996 1514 et
1018 1449 1148 1513 dicere:
1185 1448 1277 1513 Num

108 1545 189 1614 debet
201 1552 265 1617 iste
283 1573 388 1634 super
404 1558 498 1616 terra
513 1549 649 1616 vivero?
674 1551 749 1616 Iino
766 1552 802 1616 in
820 1573 944 1635 magna
961 1572 1062 1616 cruce
1080 1551 1207 1635 dignus
1225 1558 1279 1617 est

108 1653 241 1733 appendi.
271 1652 362 1719 Nam
383 1660 501 1737 potest
522 1656 638 1737 ignem
655 1655 859 1738 extinguere
883 1661 919 1719 et
940 1653 1010 1719 alia
1026 1653 1193 1718 deludere
1209 1662 1279 1719 tor-

107 1762 205 1820 menta
227 1757 303 1840 Ego
320 1763 405 1840 puto
424 1757 517 1840 quod
536 1757 593 1821 hic
609 1763 689 1821 ante
708 1755 946 1822 cataclismum
962 1756 1080 1839 fuerit,
1098 1764 1177 1822 ante
1190 1757 1278 1822 dilu-

106 1855 174 1922 uum
188 1866 297 1924 natus.
330 1860 417 1943 Quis
434 1861 526 1925 enim
543 1867 664 1926 venter
678 1861 777 1925 illum
795 1857 968 1943 portavit?
984 1866 1045 1924 aut
1062 1882 1150 1943 quac
1167 1866 1278 1925 mater

107 1963 202 2037 genuit
219 1961 343 2027 illum?
364 1970 425 2028 aut
442 1985 530 2046 quae
550 1963 659 2028 ubera
680 1963 779 2028 illum
796 1961 1035 2029 lactaverunt?
1064 1964 1178 2047 Fugio
1196 1969 1276 2028 anto

108 2077 177 2143 cum;
197 2087 263 2132 uon
286 2067 377 2131 euim
399 2067 497 2132 valeo
521 2068 695 2133 sustinere
712 2067 854 2131 verbum
876 2088 917 2131 ox
938 2087 996 2131 oro
1020 2067 1111 2149 cius,
1135 2066 1196 2132 sed
1219 2087 1279 2130 cor

108 2178 194 2231 usum
213 2170 385 2251 stupescit
404 2170 490 2234 talia
511 2169 616 2234 verba
636 2169 768 2234 audire.
813 2168 960 2234 Nullum
986 2170 1076 2234 enim
1099 2170 1277 2235 homiuum

108 2271 170 2342 puto
191 2272 263 2336 eius
287 2273 455 2354 consequi
477 2271 633 2354 verbum,
656 2272 725 2337 nisi
747 2271 855 2336 fuerit
878 2271 963 2336 deus
987 2292 1063 2336 cum
1087 2293 1138 2338 eo.
1172 2272 1278 2338 Nunc

109 2384 154 2447 rgo
171 2373 238 2455 ipse
261 2373 385 2438 infelix
406 2374 537 2439 tradidi
559 2396 612 2439 mo
636 2374 716 2438 huic
739 2375 774 2438 in
798 2373 961 2439 derisum.
999 2373 1086 2439 Cum
1109 2377 1201 2440 enim
1222 2396 1275 2439 me

107 2475 233 2546 putorem
244 2476 373 2541 habere
386 2478 606 2560 discipulum,
624 2478 740 2543 iuveni
752 2479 956 2561 magistrum
966 2499 1091 2560 meum,
1109 2480 1276 2561 ignorans

111 2621 292 2642 g

106 2706 237 2767 liutem:
258 2720 309 2782 Qai
321 2720 402 2782 alpha
414 2738 463 2770 non
473 2727 574 2779 norusst,
587 2724 708 2786 quomodo
718 2728 761 2771 tau
774 2723 869 2784 (codex
880 2721 937 2783 eon)
947 2723 1155 2785 disi-erepossnnt
1168 2747 1177 2759 ·
1189 2724 1278 2773 Dicite

107 2794 251 2861 'almam
264 2807 324 2868 prid
337 2808 371 2855 sit
383 2806 471 2870 alpha,
485 2812 509 2855 et
522 2812 580 2856 tans·
593 2809 694 2857 credam
707 2834 715 2844 ·
729 2808 803 2856 batha
817 2834 825 2844 ·
839 2809 999 2871 interrepere
1010 2809 1111 2856 dicens:
1128 2809 1180 2857 Dic
1192 2809 1273 2857 nisi·

105 2880 257 2939 trinalium
271 2908 350 2954 pecare
362 2892 437 2940 habet
449 2894 543 2955 trianp.
558 2894 657 2952 insultas,
667 2898 820 2956 praeeratos
833 2893 897 2953 (sic,
917 2894 1026 2942 'Philoni
1038 2894 1179 2943 videbatur
1189 2896 1274 2957 piace·

106 2968 165 3030 raon)
176 2975 302 3025 ubas-utos
314 2978 436 3027 mediatos
444 2979 585 3041 productas
596 2980 695 3044 adduct.
708 2984 784 3026 erest.
797 2983 873 3028 strat.
887 2981 1055 3028 euruistratos
1068 2980 1129 3040 (hoc
1144 2995 1175 3028 ex
1189 2979 1274 3028 ducti·

106 3042 268 3124 incorruptis
281 3062 367 3110 multo
380 3062 480 3111 rectius
494 3062 611 3111 efficitur
622 3079 699 3126 quam
711 3063 782 3127 quod
792 3062 870 3112 ‘Philo
884 3063 962 3112 dedit
974 3063 1129 3128 corssractos)
1142 3065 1183 3113 nel
1195 3067 1274 3114 eras-i·

107 3129 154 3185 dm*
163 3166 170 3176 ¹
180 3148 333 3210 stapirsactas
345 3152 382 3195 est
394 3149 429 3195 ad
441 3152 506 3197 tant.
519 3151 613 3211 dispas.
627 3148 774 3197 litterarum
785 3149 979 3197 nominatarum.

153 3228 172 3274 3-
188 3231 249 3280 Num
265 3233 337 3281 debet
353 3234 402 3282 iste
419 3251 496 3297 super
511 3238 584 3282 terra
601 3235 684 3282 cium
702 3238 759 3283 etc:
783 3234 817 3282 cf.
835 3250 926 3282 rursus
945 3247 961 3281 Β
980 3235 1014 3283 sd
1032 3234 1115 3292 XXX,
1134 3240 1159 3285 4.
1178 3234 1182 3300 Ι
1202 3253 1233 3285 ea
1249 3254 1275 3285 se

105 3298 154 3361 litt:
164 3317 237 3366 codex
250 3334 281 3366 es
293 3335 319 3366 se
332 3320 412 3382 ipsius

152 3402 211 3451 usic
224 3404 327 3467 pergit:
343 3405 415 3466 Cepit
426 3421 486 3468 erpo
499 3406 596 3454 mactis
606 3406 666 3454 aad.
680 3428 689 3441 ·
702 3406 749 3454 iste
759 3421 825 3469 puer
838 3405 920 3454 rium
932 3421 1008 3470 saper
1021 3411 1116 3455 terram
1129 3432 1136 3442 ·
1151 3411 1275 3456 tormenta

103 3468 200 3534 dtitileia
223 3489 354 3551 Epopssto
367 3491 428 3553 qaia
440 3495 499 3539 ante
512 3495 561 3539 cat.
575 3490 749 3555 natussnerit.
777 3490 950 3552 Quis-illum
959 3494 1092 3554 pepercerit
1105 3517 1113 3528 ·
1126 3508 1180 3541 mm
1193 3493 1273 3541 laeta·

104 3568 181 3618 term
202 3573 308 3637 Fepiasn
320 3579 403 3624 antem
416 3575 488 3624 illam
501 3601 509 3610 -
522 3577 566 3623 sed
579 3581 604 3621 et
616 3591 660 3624 eor
679 3601 687 3610 ·
703 3575 808 3624 Nullum
822 3578 899 3625 etiarn
911 3577 1031 3624 hominem
1048 3602 1056 3612 ·
1073 3594 1146 3640 posse
1159 3581 1275 3642 consequi

103 3643 194 3705 ‘lenis
205 3675 232 3708 eo
246 3685 254 3695 ·
269 3661 329 3708 Cum
335 3665 456 3722 petierent
468 3662 608 3710 metabere
621 3662 683 3709 dise.
696 3662 819 3725 ipnorans
831 3678 885 3710 eum
898 3679 975 3710 menon
988 3663 1072 3711 inveni
1084 3680 1148 3728 rrsap.
1163 3691 1170 3700 -
1184 3666 1215 3713 de
1226 3667 1273 3714 lsac

103 3735 163 3783 “itm
171 3745 254 3793 nanis.
266 3746 327 3810 sup.
341 3748 401 3809 qnia
415 3747 487 3795 illam
499 3748 630 3796 intendere
642 3763 692 3795 nan
706 3748 785 3796 virleu.
810 3749 850 3795 An
869 3748 915 3814 inf.
929 3750 993 3796 enins
1006 3775 1015 3784 -
1028 3750 1198 3814 nequefinem.
1226 3750 1273 3801 lle·

103 3808 156 3877 llus
166 3825 237 3879 huius
250 3832 349 3894 cupitis
363 3832 470 3883 desunt.

151 3907 260 3964 Historia
273 3917 302 3965 in
315 3917 408 3966 codice
420 3930 438 3964 B
450 3918 477 3966 h.
491 3919 509 3966 1.
523 3921 613 3983 posits
625 3922 658 3970 ab
671 3928 786 3984 utroque
800 3918 892 3968 codice
905 3919 983 3968 raldo
996 3919 1094 3979 differt,
1108 3922 1173 3970 licut
1187 3924 1273 3974 simile

102 3992 254 4049 amentum
274 4002 381 4051 hubent.
407 4002 451 4051 Ita
469 4005 540 4052 enim
560 4005 597 4054 ibi
616 4007 746 4070 scriptum
766 4009 822 4055 est:
847 4005 934 4068 Ipitur
947 4008 1008 4066 post
1019 4022 1118 4069 pancos
1134 4008 1189 4055 dies
1206 4010 1275 4058 venit

102 4065 151 4123 “⁶¹¹
158 4080 251 4143 isaar,
268 4088 363 4135 amicas
375 4088 481 4149 Ioseph,
495 4086 550 4153 [et]
562 4090 629 4139 discit
641 4091 676 4139 ad
688 4108 757 4139 earm
781 4092 869 4139 Amice
881 4090 1028 4148 karissime,
1040 4090 1128 4155 filiurn
1141 4097 1209 4141 tuam
1221 4098 1272 4142 sta·

103 4150 145 4205 ’W
157 4177 295 4220 crescentem
314 4175 381 4222 inter
396 4175 507 4223 hemines
518 4190 569 4235 per
580 4176 622 4223 dei
631 4178 745 4239 pratiasn
758 4175 794 4239 [si
808 4174 861 4239 vis]
872 4175 1009 4241 projicere,
1029 4176 1122 4225 tradas
1138 4194 1192 4227 eam
1203 4180 1272 4237 mihi,

103 4245 190 4296 imitus
208 4272 251 4318 epo
272 4274 327 4305 cum
347 4259 428 4307 multa
449 4262 576 4309 suauitate
592 4261 683 4311 docebo
700 4278 754 4310 eum
770 4262 928 4325 pestilitatis
945 4262 1049 4310 litteras
1067 4259 1123 4327 [et]
1141 4265 1272 4322 hebraeas,

100 4329 372 4415 ”simpronianus-arn,
391 4349 416 4392 et
428 4345 497 4392 alias
501 4346 649 4409 facultates
660 4347 749 4409 quises
757 4349 855 4410 poterit
867 4365 883 4395 a
895 4347 1033 4396 maioribus
1044 4347 1130 4397 Israel
1141 4351 1271 4399 honorari.

102 4398 159 4461 »W
167 4421 196 4467 cd
206 4438 259 4471 eam
268 4425 376 4488 Ioseph:
396 4430 425 4477 Si
433 4431 572 4490 praevales
583 4448 646 4489 earn,
658 4432 693 4480 ael
702 4433 918 4494 disiiplinandam
930 4432 1030 4495 aeripes
1035 4432 1091 4497 flat
1103 4450 1157 4481 earn
1166 4436 1271 4497 panetio.

103 4480 130 4534 Ei
144 4512 188 4550 “m
206 4510 342 4572 accepisset
362 4529 416 4561 earn
436 4516 526 4565 doctor
546 4520 572 4566 et
592 4518 626 4564 ael
644 4519 742 4566 domurn
758 4520 872 4568 doctoris
890 4536 944 4568 cens
964 4515 1121 4568 enuntiatione
1139 4521 1272 4578 permeent,
