2880 5062
134 111 195 174 170
401 111 635 163 aversanum
654 111 801 163 THOMAE
820 110 990 163 LATINUM.
1018 112 1065 163 vl.
1329 40 1335 147 b

67 301 70 305 ,
132 261 286 328 dicebat:
317 259 438 327 Talem
455 282 603 345 puerum
618 264 669 328 ita
684 261 886 345 loquentem
902 282 1081 346 nunquam
1096 262 1179 329 vidi.
1212 264 1309 350 Etap·

131 364 371 448 propinquans
396 363 441 430 ad
463 363 593 448 Ioseph
619 365 707 431 dixit
732 364 779 429 ei:
811 362 1016 447 Sapientem
1040 386 1190 448 puerum
1212 365 1309 445 habos,

132 467 230 533 trade
252 467 390 533 eumad
408 466 615 533 discendum
634 468 787 547 litteras3
805 487 881 532 cum
899 473 1015 533 autem
1032 468 1158 536 doetus
1174 468 1318 534 fueritin

131 571 248 637 studio
268 571 481 653 litterarum,
504 592 567 654 ego
585 571 716 636 docebo
738 591 816 635 eum
838 569 1028 637 honorifice
1047 578 1088 637 ut
1109 593 1179 638 non
1200 571 1257 638 liat
1274 574 1323 637 in·

130 676 274 759 sipiens.
314 673 512 757 Respondit
541 681 658 739 autem
682 673 812 757 Ioseph
844 679 880 738 et
904 674 993 738 dixit
1022 673 1187 740 adeum:
1222 674 1329 741 Nemo

130 783 246 862 potest
263 777 387 842 docere
405 797 483 842 eum
500 778 569 842 nisi
587 777 683 843 solus
701 777 798 842 deus.
835 775 1016 860 Numquid
1033 777 1191 860 creditis,
1208 799 1332 862 paruus

131 882 198 946 erit
218 880 383 964 parvulus
405 878 496 946 iste?
542 879 671 946 ²Iesus
694 886 811 945 autem
834 900 911 945 eum
933 880 1093 946 audisset
1113 881 1202 947 talia
1217 881 1335 947 dicen-

129 990 199 1049 tem
215 983 362 1066 Ioseph‚
386 983 475 1049 dixit
495 983 539 1049 ad
556 983 747 1049 Zaeheum:
778 982 871 1051 Vere
893 984 1076 1067 magister,
1099 983 1186 1066 quia
1200 990 1334 1068 quanta

128 1085 171 1151 de
189 1107 247 1152 ore
264 1105 341 1150 meo
358 1085 555 1168 procedunt
572 1106 653 1151 vera
670 1092 761 1151 sunt.
790 1084 839 1150 Et
854 1092 935 1151 ante
953 1105 1072 1151 omnes
1088 1086 1142 1151 fui
1160 1086 1332 1173 dominus,

128 1210 186 1255 ros
209 1197 325 1254 autem
347 1188 568 1272 alienigenae
592 1190 689 1255 estis.
737 1187 911 1271 Quoniam
932 1188 1017 1253 mihi
1041 1188 1124 1254 data
1147 1195 1202 1256 ost
1221 1189 1331 1273 gloria

127 1292 341 1372 seculorum,
362 1291 458 1356 robis
477 1291 595 1356 datum
618 1297 672 1357 est
693 1291 799 1372 nihil;
821 1291 905 1375 quia
925 1298 1006 1357 ante
1024 1292 1146 1357 seeula
1165 1313 1228 1376 ego
1243 1313 1324 1362 snm.

127 1393 204 1478 Ego
224 1400 341 1460 autem
357 1395 429 1460 seio
446 1402 533 1478 quot
553 1395 637 1460 anni
654 1401 758 1460 erunt
773 1395 863 1459 ritae
880 1396 978 1477 tuae,
1002 1400 1037 1460 et
1053 1396 1219 1478 quoniam
1232 1395 1320 1464 tolle·

128 1497 176 1562 ris
193 1497 229 1561 in
247 1496 404 1562 exilium:
423 1496 516 1581 quod
533 1496 623 1561 dixit
637 1503 739 1581 pater
754 1517 851 1562 meus
868 1503 908 1562 ut
923 1497 1104 1580 intelligas
1117 1499 1201 1581 quia
1216 1501 1312 1567 omnis

127 1619 217 1682 quae
241 1600 437 1682 procedunt
460 1601 501 1666 de
526 1622 585 1667 ore
608 1622 683 1666 meo
705 1621 787 1666 vera
808 1607 900 1666 sunt.
951 1600 1110 1666 ⁸Iudaei
1131 1607 1244 1668 autem
1262 1604 1308 1685 qui

126 1702 291 1767 astabant
308 1710 343 1768 et
359 1703 552 1769 audiebant
567 1724 742 1769 sermones
754 1724 841 1788 quos
857 1703 1070 1786 loquebatur
1084 1703 1198 1785 Iesus,
1213 1704 1304 1769 mirati

126 1811 209 1870 sunt
235 1810 269 1869 et
291 1805 458 1870 dicebant
479 1806 562 1888 quia
587 1806 673 1872 talia
694 1805 870 1871 mirabilia
890 1807 1039 1873 vidimus
1067 1815 1103 1874 et
1133 1808 1299 1874 audirimus

33 1900 40 1915 ⁸
126 1907 215 1973 tales
234 1929 411 1974 sermones
431 1908 473 1974 ab
491 1909 558 1975 isto
574 1931 694 1992 puero,
719 1909 838 1992 qualia
855 1931 1033 1993 nunquam
1051 1910 1242 1976 audivimus
1255 1926 1299 1973 nee

126 2010 282 2076 audituri
304 2032 423 2077 sumus
444 2011 487 2077 ab
510 2012 578 2078 alio
600 2013 719 2096 aliquo
740 2011 896 2093 homine,
923 2033 1036 2096 neque
1063 2033 1083 2078 a
1103 2011 1296 2096 pontificibus

125 2133 240 2197 neque
262 2136 282 2180 a
298 2115 475 2198 magistris
493 2136 606 2199 neque
629 2135 649 2180 a
664 2114 878 2181 Pharisaeis.
924 2117 936 2151 ⁴
952 2115 1155 2200 Respondit
1169 2115 1256 2182 Iesus
1272 2118 1295 2176 et

126 2214 215 2281 dixit
236 2218 301 2283 eis:
333 2218 382 2284 Ut
399 2218 483 2302 quid
500 2217 697 2283 miramini?
727 2218 959 2285 Incredibilia
981 2219 1120 2286 habetis
1138 2218 1296 2304 quialoeu·

124 2326 183 2385 tus
204 2342 280 2386 sum
301 2318 507 2387 veritatem?
538 2319 618 2387 Scio
643 2321 782 2406 quando
807 2324 879 2387 nati
903 2323 988 2388 estis
1011 2328 1047 2387 et
1065 2329 1184 2407 patres
1202 2317 1292 2388 vestri:

125 2424 206 2489 etsi
223 2424 303 2507 plus
319 2425 439 2490 dixero
456 2424 564 2506 robis,
583 2423 722 2507 quando
739 2423 890 2490 mundus
906 2424 1021 2490 fastus
1038 2430 1092 2491 est
1109 2446 1172 2510 ego
1188 2425 1257 2504 seio,
1271 2424 1295 2484 st

124 2528 185 2610 qui
207 2549 260 2592 me
278 2528 374 2593 misit
393 2528 437 2593 ad
453 2549 523 2593 vos.
556 2525 643 2593 Cum
663 2527 847 2593 audissent
862 2527 988 2593 Iudaei
1012 2549 1204 2594 sermonem
1218 2540 1292 2610 quen

125 2629 261 2695 dixerat
276 2631 404 2710 infans,
425 2630 542 2694 mirati
560 2636 642 2695 sunt
656 2637 801 2714 propter
816 2629 882 2695 hoe
898 2629 992 2713 quod
1010 2651 1079 2696 non
1096 2635 1292 2713 poterantre·
1333 2666 1335 2673 ·

193 2875 236 2924 lta
247 2887 281 2922 n:
299 2876 386 2939 Ipilar
398 2875 500 2939 quidam
512 2875 633 2938 mopiam
645 2874 758 2922 Zaelrem
769 2875 867 2923 nomine
883 2890 952 2924 aare.
966 2875 1049 2924 omnia
1062 2875 1140 2925 verba
1151 2890 1210 2939 quoe
1221 2870 1291 2919 wlff·
1333 2920 1335 2925 .

123 2964 164 3008 lus
175 2959 276 3009 dicebat
293 2960 328 3008 od
339 2961 497 3022 aerumpnam
510 2983 518 2996 ·
531 2975 658 3023 nusquam
670 2960 765 3008 audivi.
790 2959 829 3008 Et
847 2960 1067 3023 appropinquavit
1084 2961 1120 3010 ad
1132 2961 1182 3010 Ios.
1197 2952 1292 3008 dont·

123 3043 166 3093 aed
179 3042 255 3091 trade
267 3060 321 3093 eum
333 3045 368 3093 od
377 3044 512 3093 discendas
525 3044 628 3093 litterar
641 3045 743 3108 ·fuerit
751 3045 838 3095 audio
852 3071 860 3081 -
873 3045 1017 3107 Rerpondit
1027 3045 1080 3095 Ios.
1093 3051 1119 3095 et
1129 3047 1181 3096 dis.
1192 3041 1291 3094 eid'ffl

119 3143 227 3190 puerum
239 3129 329 3179 dooere
345 3129 397 3179 abi
414 3128 484 3179 solus
501 3130 571 3178 deur.
596 3129 724 3193 Numquid
739 3144 834 3191 porum
847 3132 976 3180 meister
993 3131 1045 3180 erit
1052 3131 1180 3193 parvulus
1193 3120 1290 3179 aaut&
1333 3172 1335 3183 .

114 3214 224 3277 frater?
237 3213 288 3276 (sie
301 3215 416 3279 singula,
430 3213 577 3278 corrupte).

190 3302 215 3348 2.
233 3312 268 3348 nt
288 3301 361 3350 Ima
372 3304 455 3351 aarum
474 3325 482 3337 ·
502 3305 598 3365 quauta
616 3301 727 3349 asdbtis
737 3300 769 3349 de
781 3316 826 3350 ore
837 3316 889 3350 meo
901 3317 963 3350 vera
975 3305 1033 3350 aaut
1052 3326 1061 3337 ·
1080 3317 1126 3365 epo
1138 3317 1189 3350 was
1198 3293 1291 3348 desim

121 3400 165 3433 ooa
176 3401 234 3434 oere
246 3385 326 3434 alieni
338 3388 407 3444 ertia,
420 3387 480 3450 qaia
490 3386 578 3449 gloria
589 3402 675 3436 eorum
687 3385 738 3447 (sie
752 3386 833 3436 etiam
847 3399 873 3443 s,
892 3386 939 3437 sed
952 3387 1115 3436 correximus
1128 3385 1257 3437 maana,
1266 3373 1290 3423 tf·

123 3485 216 3535 evang.
230 3471 322 3520 Thous.
337 3472 436 3522 Graece
450 3473 472 3520 B
486 3472 530 3529 vl,
544 3470 581 3533 2.)
593 3472 657 3521 data
669 3477 707 3520 ert
718 3472 787 3528 midi,
800 3473 870 3521 oobs'e
880 3477 964 3522 uatem
975 3473 1064 3522 dotum
1075 3478 1115 3523 stt
1126 3467 1211 3536 [aad]
1222 3493 1230 3504 ·
1240 3459 1291 3514 md

121 3556 190 3604 oilae
207 3572 258 3605 osee
277 3556 339 3619 (sie)
358 3562 383 3607 et
395 3558 496 3621 quando
513 3541 560 3621 (qa
571 3557 621 3618 sic)
640 3556 732 3606 tuleris
749 3557 870 3606 vexillum
886 3556 936 3618 (sie
949 3557 1070 3624 singula)
1088 3559 1154 3623 quod
1165 3557 1226 3606 dicit
1234 3548 1291 3615 PM

121 3656 196 3691 meus.
221 3642 360 3704 Intellipas
371 3644 431 3706 quio
444 3667 453 3679 ·
466 3647 531 3692 sual.

190 3729 215 3777 3.
234 3727 288 3776 alio
300 3728 403 3792 aliquo:
415 3729 443 3777 in
456 3728 549 3779 codice
562 3734 605 3778 est
617 3729 672 3778 olio
684 3728 772 3793 aliquo
784 3728 846 3778 olio.

189 3828 208 3864 D
221 3814 280 3862 Iud.
292 3818 376 3863 autem
387 3815 431 3878 qui
442 3814 546 3863 stabant
557 3820 582 3865 st
594 3815 654 3864 aad.
666 3815 738 3877 ipsos
748 3830 875 3864 sermones
891 3840 900 3851 ·
918 3816 976 3864 mir.
988 3821 1048 3866 aaut
1059 3817 1172 3866 dientes
1182 3813 1235 3879 qvia
1243 3799 1291 3855 ω’

29 3946 32 3951 ,
119 3898 252 3949 mirabilia
267 3903 292 3948 et
303 3916 429 3950 sermones
444 3901 587 3950 audirimus
605 3902 636 3950 ab
653 3903 708 3964 ipro
717 3917 799 3965 puero
812 3902 919 3965 quinque
937 3918 1074 3961 annorum,
1091 3903 1180 3968 quoles
1194 3897 1291 3958 ow

121 3987 206 4036 audio.
224 3985 265 4034 oel
282 3986 365 4035 audit.
385 4002 468 4035 samus
485 3987 517 4035 ab
535 3987 621 4052 aliquo
639 3988 737 4037 bomine
753 4003 832 4051 aeque
850 4003 866 4035 a
876 3988 1000 4054 pontifics
1017 4004 1097 4053 sequ
1116 4006 1133 4038 a
1145 3980 1292 4052 leqlsdoelll‘

120 4089 198 4137 neque
211 4089 228 4120 a
240 4071 332 4121 scribis
343 4087 421 4135 oeque
433 4088 451 4119 a
461 4072 542 4121 Phor.
556 4072 644 4135 quales
656 4074 704 4122 aa
715 4073 805 4136 infossa
817 4072 938 4137 loquitar.

189 4161 213 4208 4.
232 4171 265 4206 n:
284 4158 413 4220 Respond.
426 4160 510 4205 aurem
522 4157 572 4207 lea.
585 4162 610 4206 el
622 4159 675 4207 dir.
688 4158 723 4207 ad
734 4175 791 4209 eos:
814 4158 848 4208 Ut
860 4174 901 4222 qs.
914 4160 971 4208 mir.
985 4160 1080 4209 Boiam
1091 4160 1186 4211 ἱκανά.
1196 4182 1205 4195 ·
1216 4139 1293 4220 ΜΘ

119 4263 164 4296 ooo
175 4246 232 4294 oali
248 4245 310 4294 estis
325 4247 351 4294 et
362 4246 456 4305 patres
466 4243 545 4291 vestri
557 4242 652 4304 (codex
666 4257 682 4292 Δ
696 4245 765 4294 male
777 4244 886 4305 oestron)
906 4270 915 4281 ·
934 4245 973 4294 st
985 4262 1040 4295 cam
1056 4248 1185 4297 audissent
1195 4239 1243 4292 lud
1253 4239 1294 4280 'ff'
