2880 5062
252 359 455 414 anscausus
475 360 616 413 cumsu
635 363 682 413 so
700 363 861 414 rurssos.
888 363 941 414 ιιι.
962 364 1007 414 ιι.
1027 365 1058 413 v.
1192 360 1255 424 425

47 515 173 582 fortati
196 519 292 582 sunt:
323 520 626 598 concurrentesque
649 536 763 581 omnes
786 516 827 581 ad
850 522 976 600 patrem
999 515 1110 580 Adam
1132 514 1254 581 ibidem

49 628 134 687 sunt
164 619 364 705 conglobati.
416 619 510 684 'Eune
540 625 635 702 pater
666 626 781 685 noster
811 621 920 687 Adam
957 621 1090 686 intuens
1124 642 1253 686 omnem

48 727 147 793 illam
170 725 416 791 multitudinem
439 724 631 808 diligentius
654 726 837 791 mirabatur
865 727 893 790 si
916 747 1030 791 omnes
1053 747 1093 790 ex
1117 747 1156 792 eo
1179 747 1255 810 pro·

49 832 161 897 creati
197 835 309 895 essent
339 829 374 893 in
405 827 560 894 secudum.
613 816 660 894 Ει
692 829 965 913 circumplectens
997 831 1254 914 circumquaque

49 954 168 998 secum
191 932 376 1015 adstantes,
412 930 634 996 amarissimas
665 931 869 1015 profundens
895 931 1063 1014 lacrimae,
1094 932 1163 997 tilio
1194 953 1254 997 suo

51 1036 139 1104 Seth
167 1036 281 1102 intulit
308 1035 439 1101 dicens:
470 1035 613 1116 Enarra,
643 1034 690 1100 fili
720 1034 815 1118 Seth,
847 1037 969 1102 sanctis
996 1037 1195 1119 patriarchis
1222 1042 1256 1101 et

49 1140 227 1225 prophetis
258 1139 348 1223 quod
380 1138 465 1203 dixit
495 1138 557 1203 tibi
590 1145 703 1204 custos
734 1139 894 1223 paradisi,
926 1139 1057 1223 quando
1086 1138 1191 1205 direxi
1222 1143 1254 1204 te

48 1243 219 1310 adducere
241 1242 324 1308 mihi
346 1242 387 1307 de
410 1242 483 1325 ipso
507 1241 581 1307 oleo
604 1242 866 1323 misericordiae,
896 1248 934 1308 ut
960 1263 1162 1326 perungeres
1185 1264 1255 1307 cor·

49 1368 118 1433 pus
139 1368 249 1412 meum
272 1367 474 1441 cumessam
497 1347 655 1412 infirmus.

142 1468 265 1534 'Tunc
288 1467 343 1533 ille
366 1467 554 1551 respondit:
577 1468 665 1552 Ego,
688 1489 761 1533 cum
785 1490 837 1534 me
860 1467 1020 1552 dirigeres
1043 1473 1119 1533 ante
1141 1475 1256 1551 portas

50 1571 216 1658 paradisi,
248 1573 339 1638 orari
362 1579 396 1638 et
417 1573 613 1655 deprecatus
637 1595 707 1638 sum
732 1573 903 1638 dominum
933 1595 1007 1638 cum
1036 1573 1195 1655 lacrimis,
1223 1579 1255 1637 ct

50 1677 170 1744 vocavi
198 1677 370 1742 custodem
397 1676 542 1759 paradisi
570 1683 608 1741 ut
635 1677 716 1743 mihi
745 1677 862 1742 exinde
886 1677 988 1742 daret
1032 1676 1127 1742 Tunc
1150 1698 1256 1760 egres·

54 1800 112 1844 sus
142 1777 288 1875 blicbael
319 1777 535 1862 archangelus
566 1778 652 1843 dixit
686 1778 785 1843 mihi:
826 1779 924 1861 Seth,
961 1784 999 1843 ut
1030 1779 1109 1862 quid
1144 1784 1254 1843 tamen

53 1880 235 1964 deploras?
281 1878 373 1946 Scito
402 1900 623 1962 praenoscens
651 1880 732 1963 quia
758 1885 853 1965 pater
880 1887 957 1945 tuus
984 1880 1094 1945 Adam
1122 1880 1163 1945 de
1191 1880 1255 1945 hoc

55 1983 130 2049 oleo
158 1983 407 2049 misericordiae
436 2004 504 2048 non
531 1983 674 2067 accipiet
700 1984 799 2049 modo
828 1983 885 2049 sed
913 1992 990 2068 post
1016 1984 1137 2049 multas
1159 2004 1255 2068 geno-

55 2087 203 2153 rationes
225 2086 335 2152 seculi.
380 2085 504 2153 Veniet
525 2085 612 2152 enim
635 2088 881 2153 amantissimus
904 2088 957 2153 dei
980 2090 1067 2153 filius
1090 2088 1129 2153 de
1152 2087 1255 2152 coelis

54 2194 90 2258 in
118 2192 290 2274 mundum,
323 2199 357 2258 et
386 2192 611 2276 baptizabitur
641 2216 662 2260 a
688 2194 838 2260 Iohanne
871 2195 905 2260 in
927 2195 1071 2260 Iordane
1102 2193 1254 2258 flumine:

56 2300 89 2361 et
120 2302 200 2361 tunc
231 2294 371 2378 recipiet
400 2301 495 2377 pater
527 2300 604 2359 tuus
626 2295 737 2361 Adam
765 2296 805 2361 de
832 2297 897 2362 hoc
919 2297 981 2362 deo
1010 2294 1254 2362 misericordiae

55 2403 89 2464 et
120 2419 236 2465 omnes
267 2397 440 2462 credentes
472 2396 507 2460 in
540 2394 644 2477 eum3'
669 2402 702 2463 et
733 2420 855 2487 eorum·
879 2399 936 2482 qui
975 2399 1186 2465 crediderunt
1220 2399 1254 2463 in

53 2522 139 2582 eum,
162 2521 300 2585 regnum
324 2499 457 2565 illorum
480 2498 689 2583 permanebit
710 2499 744 2563 in
768 2499 886 2565 secula

478 2765 596 2832 Carus
624 2765 665 2832 V.
703 2765 830 2850 (XXI.)

142 2927 265 2992 1Τιιιιο
293 2929 465 2993 audientes
492 2929 575 2994 haec
604 2951 716 2994 omnes
745 2929 847 2994 sancti
877 2930 996 2994 iterum
1026 2930 1257 2994 exultaverunt

50 3034 87 3098 in
122 3032 253 3116 gaudio.
298 3033 350 3096 Ex
383 3032 502 3115 quibus
534 3055 632 3097 unus·
651 3033 690 3097 de
723 3033 1030 3116 circumstantibus,
1062 3033 1167 3097 Isaiae
1198 3055 1256 3098 no-

50 3137 153 3216 mine,
176 3134 309 3200 fortiter
332 3135 542 3218 proclamans
564 3135 723 3200 intonuit:
745 3135 848 3200 Pater
866 3135 977 3202 Adam
1000 3141 1034 3200 et
1056 3158 1170 3200 omnes
1193 3136 1255 3200 cir·

51 3419 280 3480 commataque
298 3416 332 3463 ad
350 3431 404 3465 eam
422 3415 597 3479 eoaprotabrti
614 3420 673 3464 saal
690 3416 714 3464 ei
728 3413 733 3475 l
749 3417 776 3464 ia
793 3417 903 3465 semelem
921 3433 979 3466 oum
995 3431 1028 3468 sc
1047 3453 1074 3467 ..
1092 3429 1109 3466 n
1127 3417 1154 3463 ia
1172 3417 1255 3465 aerulo

54 3499 283 3564 {circumplectens
301 3499 329 3560 (c
341 3498 433 3563 ampl.)
453 3537 479 3550 ..
498 3500 684 3563 secespitam
698 3499 703 3562 Ι
719 3505 801 3550 certor
815 3502 937 3564 paradisi
955 3536 982 3551 ..
1001 3516 1016 3552 c
1034 3501 1086 3551 edd
1105 3506 1130 3550 et
1142 3501 1257 3550 Micboel

52 3585 225 3649 arebaspelus
239 3587 244 3644 Ι
259 3587 385 3636 odducm
404 3623 430 3636 ..
448 3601 463 3637 c
481 3589 510 3634 at
527 3587 672 3636 mitteretur

142 3684 168 3730 3.
206 3679 248 3730 cf.
268 3682 288 3730 A
308 3680 359 3732 111.
389 3681 447 3744 Epo
469 3707 479 3717 ·
502 3685 527 3729 et
551 3682 623 3744 depr.
645 3697 698 3729 sum
722 3682 751 3745 (n
771 3681 835 3730 baec
854 3681 909 3743 om)
928 3708 938 3718 ·
956 3683 1031 3730 daret
1056 3698 1113 3731 cum
1132 3695 1168 3732 AB
1187 3718 1194 3730 .
1213 3719 1219 3732 .
1240 3697 1255 3733 c

56 3769 114 3832 Epo
135 3768 209 3824 uera,
233 3782 287 3815 ram
304 3784 343 3815 me
359 3768 484 3830 diriperet
497 3771 577 3831 poter
593 3784 663 3818 mm
679 3769 764 3817 Adam
782 3772 841 3817 aaa
855 3785 900 3832 po.
916 3770 1025 3832 parad„
1046 3770 1121 3818 orari
1138 3773 1163 3817 et
1180 3770 1253 3832 depr.

53 3868 109 3901 nm
127 3851 200 3900 deum
217 3867 272 3899 eam
289 3877 300 3887 ·
319 3855 381 3901 «aa.
391 3853 487 3914 parad.
500 3855 525 3901 et
539 3853 607 3915 petii
624 3853 655 3900 ab
673 3870 701 3901 eo
717 3854 749 3901 de
766 3853 821 3915 ipro
838 3853 893 3902 oleo
911 3853 1122 3914 misericordiae!
1139 3854 1196 3902 Scit
1209 3870 1254 3918 pr.

55 3941 118 4005 quie
136 3944 180 3988 etc
198 3954 256 3988 cum
270 3954 304 3991 Ac
322 3971 352 3988 ι.
372 3953 389 3990 n
409 3940 463 3988 cito
481 3945 631 4002 praenarret
647 3947 723 4004 poter
740 3944 799 3989 baur
810 3943 894 3989 Adam
912 3942 978 4005 quod
995 3943 1027 3990 de
1044 3943 1089 3989 boc
1104 3940 1108 4001 Ι
1123 3943 1196 3991 modo
1212 3941 1256 3990 red

55 4042 115 4076 cnm
129 4037 166 4076 sn
184 4061 214 4076 ..
235 4027 340 4077 caedo
359 4027 409 4075 uiri
423 4025 428 4087 1
444 4027 633 4076 amantissimas
650 4043 708 4076 cum
728 4042 743 4078 c
762 4062 792 4077 ..
813 4040 847 4077 sn
865 4027 1023 4079 alsasense!
1040 4043 1056 4078 s
1074 4044 1116 4076 om
1127 4024 1253 4093 flamine!

55 4127 74 4165 n
91 4112 219 4175 omript‘etl
236 4117 363 4162 eteorum
382 4114 410 4174 (Δ
429 4114 479 4172 illi,
498 4127 515 4164 Β
533 4114 587 4174 οιιι)
606 4115 649 4177 qai
667 4116 763 4163 credid.
782 4114 810 4175 (Α
829 4115 942 4177 credent)
961 4115 987 4164 ia
1004 4131 1071 4172 mea,
1093 4131 1162 4178 repa.
1181 4115 1253 4163 illor.

55 4197 103 4257 (n
121 4195 219 4258 eorm>
236 4199 280 4247 etc

144 4292 174 4349 V,
194 4293 220 4340 1.
251 4290 292 4340 cf.
315 4292 334 4339 Α
357 4292 392 4348 ΙΙ,
412 4294 435 4340 l.
469 4292 538 4341 llmc
557 4325 565 4333 -
583 4296 610 4343 in
625 4295 722 4357 parisio
742 4309 798 4343 eom
818 4308 833 4344 c
853 4329 879 4341 ..
898 4306 933 4345 ΑΒ
951 4297 1013 4350 ornl
1031 4296 1073 4343 Er
1091 4297 1253 4358 quibuscum
1302 4294 1305 4299 '

56 4392 90 4430 nc
110 4412 140 4427 ..
159 4390 177 4427 n
195 4377 233 4426 Er
256 4379 261 4436 Ι
285 4391 361 4428 corn
384 4379 470 4428 Isaiae
491 4395 556 4428 nom.
580 4378 609 4441 (Α
629 4379 771 4442 praerosa.)
795 4379 799 4442 Ι
818 4382 887 4444 sort.
909 4380 1033 4443 proclam.
1058 4380 1084 4439 (c
1102 4381 1187 4442 elea)
1206 4382 1253 4432 iat.

56 4462 84 4524 (ο
101 4463 143 4513 sa
159 4460 217 4525 aa)
236 4476 295 4511 cum
313 4474 348 4514 no
365 4496 395 4512 ..
414 4478 432 4515 ι
449 4464 518 4513 dtes't
536 4461 542 4525 Ι
562 4480 631 4513 mear
646 4465 785 4514 emansor
807 4463 836 4526 (n
855 4481 907 4514 -om
923 4464 996 4527 ιω)
1016 4497 1045 4514 ..
1066 4479 1080 4515 c
1098 4480 1135 4514 me
1154 4469 1159 4524 1
1178 4483 1255 4516 errem
