2880 5062
119 331 159 395 72
332 330 668 385 assumo-marasim
686 333 933 386 nvnncsmuu.
965 330 1042 386 car.
1062 334 1108 385 ιιι.

119 485 155 549 in
173 503 214 550 ea
229 482 672 566 immaculataperseverat.
697 482 788 549 Nam
800 482 976 549 custodita
993 489 1047 549 est
1062 483 1170 565 adeo,
1188 505 1278 569 semp

119 589 156 652 in
167 588 326 653 oratione
338 587 520 651 nobiscum
530 588 736 669 permansit3
751 586 880 652 cotidie
893 607 970 651 cnm
982 587 1181 669 eaangelus
1192 586 1280 653 domi

119 690 286 774 loquitur,
305 689 434 755 cotidie
446 690 488 754 de
501 711 603 755 mann
620 690 738 773 angeli
755 711 869 755 escam
884 690 1023 772 accipit.
1049 687 1233 773 Quomodo
1247 692 1280 756 fir

119 798 236 876 potest
255 797 295 857 ut
313 793 360 857 sit
378 792 522 875 aliquod
543 797 726 875 peccatum
751 792 787 856 in
814 789 878 857 ea?
924 790 1015 857 Nam
1036 792 1065 857 si
1088 794 1280 877 suspicione

119 902 273 961 nostram
289 895 355 960 tibi
370 896 422 959 vis
444 900 484 959 ut
501 895 711 978 pandamus,
734 894 837 960 istam
859 894 1034 978 gravidam
1057 916 1126 959 non
1149 896 1237 961 fecit
1256 920 1280 961 n

119 999 265 1083 angelus
289 997 357 1064 dei.
403 996 554 1081 ²Ioseph
577 1002 694 1062 autem
711 996 814 1062 dixit:
860 997 910 1063 Ut
926 997 1011 1080 quid
1027 1019 1080 1062 me
1099 998 1271 1065 seducitis

120 1102 257 1167 credam
273 1101 372 1168 vobis
389 1101 473 1184 quia
489 1100 635 1184 angelus
653 1101 785 1165 domini
801 1101 1055 1184 impraegnavit
1071 1099 1173 1166 eam?
1201 1102 1280 1169 Poa

121 1207 212 1270 enim
228 1205 305 1270 fieri
321 1209 361 1269 ut
372 1204 556 1288 quisquam
574 1225 609 1268 se
621 1203 762 1268 finxerit
777 1204 940 1287 angelum
951 1204 1082 1269 domini
1100 1204 1280 1291 etdecepo:

120 1328 205 1374 eam.
228 1307 277 1372 Et
292 1306 379 1373 haec
390 1307 511 1372 dicens
527 1305 634 1372 flebat
650 1314 686 1372 et
696 1306 851 1373 dicebat:
877 1307 955 1390 Qua
969 1306 1085 1373 fronte
1102 1306 1146 1372 ad
1158 1311 1280 1393 templs

119 1410 176 1476 dei
193 1413 306 1476 iturus
324 1408 421 1475 sum?
451 1407 529 1493 Qua
545 1408 635 1474 facie
653 1412 789 1475 visurus
807 1432 882 1475 snm
899 1410 1100 1476 sacerdotes
1119 1410 1200 1477 dei?
1233 1410 1280 1497 Qu

119 1514 276 1580 facturus
294 1511 393 1579 sum?
417 1513 465 1577 Et
480 1513 567 1577 haec
579 1513 700 1578 dicens
718 1513 896 1597 cogitabat
913 1513 1090 1578 occultare
1109 1535 1145 1579 se
1164 1522 1200 1580 et
1213 1514 1279 1581 dim

119 1625 194 1683 tere
212 1637 297 1681 eam.

617 1783 738 1851 Carus
760 1784 829 1850 XI.

207 1922 364 2009 Cumque
382 1924 581 1991 ordinasset
601 1924 638 1988 in
655 1930 758 1990 nocte
776 1944 961 2007 exsurgere
979 1930 1018 1989 ut
1033 1923 1175 2008 fugiens
1192 1924 1280 1990 habit

120 2035 175 2095 ret
189 2030 226 2093 in
244 2027 402 2109 occultis,
426 2047 506 2092 ecce
522 2027 560 2091 iu
576 2025 654 2109 ipsa
670 2031 771 2090 nocte
789 2028 953 2109 apparuit
970 2027 1002 2090 ei
1021 2027 1058 2090 in
1076 2029 1206 2093 somnis
1221 2047 1280 2112 ang

121 2132 176 2195 lus
194 2129 326 2195 domini
344 2129 479 2194 dicens:
496 2126 627 2212 Ioseph
643 2127 693 2192 fili
706 2126 832 2210 David,
849 2128 922 2193 noli
940 2129 1063 2194 timere
1081 2128 1280 2213 accipereld

120 2236 208 2300 riam
225 2235 408 2318 coniugem
426 2238 533 2313 tuam,
555 2233 719 2315 quoniam
737 2232 830 2316 quod
847 2233 883 2296 in
900 2239 1000 2297 utero
1018 2234 1093 2298 eius
1110 2241 1174 2314 est,
1196 2233 1280 2316 desp

120 2341 190 2403 ritu
207 2344 328 2403 sancto
346 2342 408 2401 est.
432 2335 556 2401 Pariet
571 2341 688 2400 autem
705 2335 824 2418 filium,
843 2336 903 2419 qui
919 2335 1102 2401 vocabitur
1116 2335 1228 2403 Iesus:
1243 2336 1280 2418 ips

122 2443 214 2506 enim
237 2440 368 2505 salvum
390 2438 497 2504 faciet
512 2438 680 2522 populum
696 2460 796 2504 sunm
819 2459 839 2503 a
857 2439 1013 2521 peccatis
1035 2459 1166 2505 eorum.
1195 2437 1280 2503 Exsn:

122 2565 208 2628 gens
226 2549 342 2608 autem
352 2540 482 2625 Ioseph
499 2562 649 2606 asomno
662 2541 792 2623 gratias
810 2541 866 2624 egi
877 2540 958 2606 tdeo
976 2561 1050 2622 suo,
1068 2547 1105 2607 et
1120 2541 1249 2607 locutus
1262 2556 1280 2600 e

120 2646 256 2711 Mariae
275 2644 512 2728 etvirginibus
525 2663 614 2727 qnae
626 2649 727 2708 erant
738 2665 815 2707 cum
826 2664 867 2707 ea
884 2649 920 2707 et
930 2645 1084 2710 narravit
1093 2645 1203 2710 visum
1213 2658 1280 2708 suun

120 2859 214 2920 integr.
224 2858 375 2918 perseverat
386 2855 413 2902 is
425 2870 464 2902 ea.
484 2866 574 2903 suero
587 2855 648 2917 quia
659 2854 750 2902 mentis
762 2854 897 2916 integritas
909 2859 934 2903 et
946 2855 1039 2918 virgin.
1054 2856 1081 2903 is
1093 2871 1123 2903 ea
1133 2849 1280 2918 perseverant

120 2941 299 2993 immaculatae
311 2941 452 2990 custoditae
463 2943 522 2988 eunt
539 2939 571 2987 ab
583 2955 623 2988 ea.
640 2935 644 3003 Ι
659 2939 726 2987 Nam
739 2943 802 2987 ruet.
816 2943 854 2989 est
866 2938 898 3002 (n
911 2940 965 3001 om)
978 2965 987 2976 ·
1000 2941 1127 2989 mliscum
1141 2942 1166 3002 (c
1179 2939 1229 2998 om)
1237 2948 1280 2999 pm

121 3035 153 3077 ut
167 3039 217 3087 ους
236 3039 272 3076 ss
286 3026 340 3075 Nos
352 3026 417 3074 esim
428 3039 526 3087 semper
539 3040 593 3073 eam
605 3026 742 3089 castriensis
754 3023 783 3086 (a
798 3025 852 3074 Nos
863 3026 1042 3074 custodivimus
1053 3041 1131 3088 stipes·
1143 3024 1216 3087 ears),
1226 3032 1280 3080 sea?

120 3115 148 3162 is
162 3129 201 3162 ον.
215 3112 310 3162 potior.
320 3126 418 3173 perm.,·
435 3109 571 3172 ademper
582 3111 647 3158 enim
658 3111 686 3158 is
698 3110 806 3169 domino,
819 3126 917 3173 seraper
929 3113 956 3160 in
968 3127 1007 3160 ον.
1017 3125 1101 3172 pes-m.
1117 3112 1120 3176 Ι
1136 3110 1216 3175 angel.
1228 3102 1280 3157 doni

121 3205 153 3248 nt
166 3209 211 3256 cn,
224 3211 241 3246 s
253 3213 313 3260 aug.
327 3197 382 3253 dei,-
400 3209 436 3245 Aa
449 3195 536 3258 appeti
547 3197 610 3244 dei·
624 3196 762 3260 loquantur
776 3193 780 3262 Ι
794 3196 895 3260 appeti:
911 3209 929 3245 Β
941 3198 1002 3254 eius,
1016 3209 1052 3245 aa
1064 3197 1160 3247 domiai
1173 3194 1177 3260 Ι
1190 3191 1270 3255 accipit

121 3295 171 3342 cm
189 3294 245 3332 ssu
263 3282 362 3344 aceepit
375 3278 379 3346 Ι
394 3282 515 3346 ammodo
528 3280 558 3343 (a
570 3281 608 3330 Et
620 3280 716 3344 qaam.)
730 3286 787 3330 etc=
806 3293 843 3329 aa
856 3281 987 3330 Nescimus
1005 3297 1086 3345 quom.
1102 3283 1136 3347 fl.
1147 3282 1226 3343 poscit
1237 3275 1240 3343 Ι
1252 3274 1280 3325 lle

121 3370 145 3420 si
157 3394 166 3407 ·
179 3369 277 3418 tiliois
288 3367 319 3429 (n
332 3367 438 3428 tennis)
453 3381 524 3415 -scs
537 3365 565 3427 (A
577 3364 660 3428 semo)
670 3366 741 3429 jecit
752 3391 761 3403 ·
773 3367 816 3415 dei
829 3367 879 3428 (An
891 3368 1001 3425 domini,
1020 3372 1049 3416 et
1062 3381 1079 3415 Δ
1092 3367 1146 3415 sdd
1159 3367 1200 3431 qai
1210 3359 1280 3414 eamd

117 3453 299 3518 praegnantilr
317 3464 333 3500 n
347 3453 405 3502 Nos
417 3453 453 3501 cit
467 3453 494 3502 in
507 3457 531 3501 te
543 3452 634 3515 aliqua
645 3453 755 3514 suspirio
767 3453 799 3500 de
811 3453 882 3514 ipsa,
901 3454 961 3517 quia
977 3467 1028 3501 aas
1045 3454 1096 3501 sisi
1107 3454 1212 3515 spiritus
1222 3448 1280 3500 sonet

120 3542 225 3605 prauis.
236 3539 366 3604 eamfecit

191 3629 217 3675 2.
237 3624 277 3674 Io.
295 3628 379 3673 auum
391 3623 421 3685 (a
434 3622 489 3686 om)
502 3623 571 3671 dicit
583 3623 611 3682 (s
624 3623 664 3672 ait
675 3622 741 3684 eis).·
758 3635 776 3670 a
791 3622 861 3672 stac
872 3622 912 3672 Io.
927 3639 981 3671 cum
993 3625 1147 3686 suspicionis
1158 3618 1280 3672 malua

122 3726 184 3760 suae
196 3711 250 3760 dic.
267 3707 271 3776 Ι
286 3723 356 3759 nom
371 3709 405 3758 Ut
419 3706 423 3774 Ι
437 3721 453 3758 o
466 3710 738 3773 inpraepsassetearn,
750 3720 832 3758 lemn
841 3709 1013 3773 impugnaret
1026 3708 1030 3775 Ι
1044 3714 1073 3758 at
1083 3711 1211 3774 qaisquam
1222 3708 1280 3768 (aps

122 3810 139 3846 Β
152 3794 303 3860 quicunque)
315 3812 342 3844 se
347 3796 416 3860 flua.
430 3810 489 3858 asp.
504 3795 571 3845 dom.
585 3794 629 3857 (ut
642 3806 709 3853 Δῑος
728 3805 747 3842 1)
760 3794 811 3852 dei,
827 3807 845 3844 a
854 3794 909 3857 om)
923 3798 949 3843 et
960 3793 1004 3856 (ut
1015 3806 1086 3854 ηις
1100 3806 1136 3845 01>
1148 3795 1188 3857 sit)
1200 3794 1280 3853 decept

123 3881 189 3944 (cus
201 3882 341 3943 deciperet)
355 3896 410 3929 eam
424 3876 428 3945 Ι
442 3882 484 3930 dei
495 3887 527 3931 ut
540 3894 609 3940 oum
623 3893 659 3930 ΔΒ
671 3882 767 3930 domini
781 3878 784 3945 Ι
798 3882 882 3931 ituras
894 3898 962 3930 um:
976 3894 1011 3931 ΑΒ
1021 3883 1158 3944 respiciam
1171 3880 1175 3946 Ι
1193 3879 1280 3944 Qwsss

123 3966 277 4032 (osroatelr
289 3979 306 4015 ι
318 3981 409 4030 praem
421 3971 454 4025 ei,
467 3979 504 4015 AB
517 3972 564 4016 act
577 3965 580 4033 Ι
594 3968 651 4016 dei:
669 3968 794 4017 admisi
807 3967 811 4033 Ι
826 3968 955 4017 occultare
968 3974 1026 4017 etos
1046 3981 1082 4016 aa
1095 3965 1280 4032 stsopiessdis

126 4059 193 4104 teret
203 4069 259 4103 eam

192 4139 239 4198 XI,
259 4141 284 4188 1.
309 4138 454 4188 ordinasset
464 4144 497 4188 ut
509 4151 559 4189 cn:
579 4140 750 4197 sardiceni,
769 4152 805 4188 aa
819 4141 958 4202 vocitant,-
975 4153 994 4188 1>
1007 4139 1061 4188 sod
1074 4140 1165 4201 loseph
1179 4135 1183 4203 Ι
1197 4141 1222 4187 iu
1233 4138 1280 4186 aad

123 4229 152 4277 in
164 4244 216 4277 occ.
229 4230 261 4275 ut
274 4236 326 4281 om
339 4237 356 4272 Β
368 4227 397 4272 at
408 4228 480 4273 nocte
492 4229 627 4288 exurgeret
638 4230 664 4274 et
674 4226 775 4288 fugiens
787 4226 878 4282 abiret,
892 4237 927 4272 AB
940 4241 1077 4289 exsurgere
1089 4231 1114 4274 et
1126 4225 1252 4274 occultare
1261 4237 1280 4271 ιε

122 4313 240 4362 latitare
253 4311 279 4359 is
291 4327 342 4360 occ.
357 4307 361 4375 Ι
375 4311 491 4372 accipere
500 4314 532 4359 nt
541 4323 610 4369 omn
624 4324 660 4359 ns
670 4311 758 4373 accipe
771 4307 775 4376 Ι
790 4326 865 4373 quon.
878 4311 958 4374 quod:
973 4323 1008 4358 aa
1018 4311 1159 4375 quodecim
1173 4307 1177 4376 Ι
1191 4311 1280 4375 quisce

124 4405 153 4461 (Β
165 4397 283 4461 vocatur)
301 4397 352 4446 les.
366 4401 398 4445 ut
410 4408 457 4455 οη
474 4409 492 4444 a
509 4400 534 4446 et
548 4397 649 4447 uocatis
659 4413 747 4447 nomen
766 4398 819 4446 eius
832 4399 928 4454 Iesumr
947 4411 984 4446 sn
1002 4402 1027 4446 et
1043 4398 1175 4447 vocabitur
1192 4408 1280 4445 soom

123 4485 196 4535 Iesus
209 4482 214 4551 Ι
228 4495 243 4533 c
257 4498 298 4533 om
312 4499 329 4532 a
340 4497 425 4532 somno
439 4479 443 4547 Ι
457 4498 517 4532 suo:
530 4494 586 4531 nnn
599 4497 641 4531 om
656 4479 661 4548 Ι
675 4495 692 4530 ιι
706 4482 794 4531 marae
804 4483 908 4531 Mariae
920 4488 945 4531 et
953 4483 1020 4546 virg.
1032 4484 1141 4548 quisque
1154 4481 1158 4548 Ι
1172 4484 1248 4532 casn
1256 4495 1280 4528 ss
