2880 5062
246 1388 369 1463 MORS
395 1387 555 1464 PILATI
581 1387 663 1482 QUI
691 1389 834 1463 IESUM
862 1387 1203 1462 CONDEMNAVIT.

209 1589 292 1655 Cum
330 1597 442 1657 autem
478 1590 632 1657 Tiberius
670 1591 793 1659 Caesar
809 1591 832 1675 ¹)
874 1589 1109 1655 Romanorum
1145 1589 1307 1671 imperator

122 1693 215 1775 gravi
244 1692 359 1759 morbo
386 1698 571 1776 teneretur,
604 1699 637 1759 et
667 1692 855 1776 intelligens
884 1693 962 1774 quia
988 1691 1211 1774 Ierosolymis
1240 1694 1307 1755 esset

122 1793 256 1876 quidam
282 1793 444 1875 medicus,
474 1796 607 1861 nomine
635 1794 744 1877 Iesus,
776 1795 834 1877 qui
866 1813 980 1858 omnes
1010 1791 1224 1858 infirmitates
1252 1791 1306 1855 solo

121 1895 221 1960 verbo
249 1903 355 1978 curat,
383 1898 532 1962 nesciens
556 1897 644 1981 quod
667 1896 784 1961 Iudaei
807 1902 842 1960 et
863 1896 992 1960 Pilatus
1020 1916 1096 1959 eum
1120 1894 1308 1963 occidissent

122 2000 286 2082 praecipit
308 2000 440 2066 cuidam
463 2022 522 2066 suo
546 2001 704 2066 familiari
728 2001 860 2065 nomine
882 1999 1088 2066 Volusianus
1110 1997 1209 2065 Vade
1230 1997 1308 2062 citius

123 2124 222 2185 quam
249 2110 343 2186 potes
371 2112 462 2169 trans
490 2111 604 2187 partes
632 2103 791 2185 marinas,
820 2103 976 2186 dicesque
997 2101 1111 2168 Pilato
1134 2123 1209 2166 meo
1229 2100 1309 2165 serri-

22 2187 28 2200 ·
121 2205 187 2270 tori
210 2209 245 2268 et
267 2206 373 2270 amico
396 2214 433 2271 ut
459 2206 547 2271 hunc
574 2205 738 2270 medicum
768 2205 849 2270 mihi
875 2207 987 2270 mittat
1009 2204 1067 2288 qui
1090 2225 1144 2269 me
1166 2203 1309 2287 pristinae

123 2308 259 2373 sanitati
287 2310 450 2374 restituat.
502 2309 568 2394 Qui
596 2309 799 2376 Volusianus
830 2309 944 2374 audito
977 2315 1157 2391 praecepto
1189 2310 1310 2390 impera·

121 2411 204 2476 toris
233 2413 344 2477 statim
372 2412 537 2494 discessit,
569 2420 603 2478 et
629 2418 746 2478 vontus
774 2413 857 2496 esto
885 2411 926 2477 ad
949 2412 1097 2477 Pilatum
1125 2413 1212 2476 sieut
1232 2430 1310 2493 prae

122 2522 253 2596 ceptum
277 2522 327 2580 est
349 2517 389 2581 ei.
433 2517 479 2581 Et
502 2538 642 2582 narrans
665 2516 772 2581 eidem
794 2516 906 2580 Pilato
930 2535 1078 2598 eaquae
1102 2514 1169 2579 sibi
1192 2512 1310 2579 a'l'ibe

121 2619 171 2684 rio
199 2617 342 2685 Caesare
369 2621 544 2686 commissa
571 2619 720 2700 fuerent,
753 2618 865 2684 dicens
892 2616 1047 2683 Tiberius
1077 2617 1201 2685 Caesar
1227 2619 1310 2699 impe

122 2727 215 2787 rator
236 2721 478 2804 Romanorum,
509 2725 559 2789 tui
588 2724 753 2805 dominus,
784 2722 896 2788 audito
919 2723 1010 2806 quod
1037 2724 1072 2787 in
1102 2723 1236 2788 ciuitate
1256 2723 1308 2785 ista

121 2828 173 2887 est
196 2824 342 2891 medicus
365 2828 423 2910 qui
450 2826 520 2892 solo
543 2826 643 2891 verbo
672 2830 770 2890 sanat
796 2824 1019 2907 infirmitates,
1047 2831 1149 2908 rogat
1176 2831 1210 2890 te
1230 2823 1309 2888 rebe

122 2934 250 2991 menter
280 2936 318 2993 ut
349 2950 423 2993 eum
455 2928 519 2993 sibi
549 2928 682 2992 mittere
713 2926 835 2992 debeas
866 2947 927 3008 pro
959 2947 1019 2991 sua
1049 2924 1242 2990 infirmitate
1267 2944 1308 2988 ou·

121 3027 233 3093 randa.
277 3029 429 3095 Audiens
457 3030 539 3095 haec
561 3031 694 3095 Pilatus
722 3029 859 3094 territus
887 3034 937 3093 est
965 3026 1074 3110 valde,
1104 3030 1210 3094 sciens
1234 3023 1308 3110 quod

122 3150 182 3211 per
213 3132 368 3196 invidiam
400 3154 475 3198 eum
507 3133 612 3198 occidi
644 3132 779 3198 fecerat.
835 3131 1021 3214 Respondit
1051 3132 1186 3196 Pilatus
1218 3129 1307 3196 eidem

121 3235 237 3299 nuntio
261 3234 309 3298 sic
332 3234 445 3300 dicens
467 3234 535 3300 Hic
562 3235 661 3301 homo
686 3241 758 3299 erat
781 3232 976 3299 malefactor
998 3240 1032 3297 et
1054 3233 1154 3298 homo
1179 3232 1233 3316 qui
1253 3238 1306 3294 tru-

120 3335 223 3401 hebat
254 3337 296 3402 ad
327 3360 360 3403 se
392 3345 500 3403 totum
531 3339 705 3422 populum:
743 3339 791 3401 sie
821 3336 936 3401 habito
969 3335 1107 3401 consilio
1140 3337 1306 3419 sapientum

121 3441 264 3507 civitatis
302 3463 376 3506 eum
410 3442 595 3508 crucificari
626 3443 698 3507 feci.
752 3440 818 3525 Qui
849 3441 985 3504 nuntius
1016 3439 1150 3505 rediens
1181 3438 1222 3503 ad
1249 3437 1305 3501 eius

120 3543 300 3627 hospitium
324 3545 478 3611 obviatus
501 3554 552 3611 est
574 3545 705 3611 cuidam
727 3545 857 3610 mulieri
881 3545 1014 3608 nomine
1037 3542 1215 3624 Veronica,
1236 3558 1304 3624 quac

121 3643 229 3712 luerat
255 3648 429 3715 familiaris
457 3649 550 3734 Iesu,
579 3647 743 3716 dicensO
773 3648 905 3728 mulier,
934 3647 1083 3712 medicus
1106 3646 1238 3731 quidam
1259 3642 1304 3725 qui

121 3745 156 3810 in
178 3746 241 3813 hac
269 3750 404 3816 civitate
433 3756 519 3832 eret,
548 3752 605 3834 qui
633 3751 704 3816 solo
727 3750 828 3814 verbo
856 3769 974 3833 aegros
1004 3747 1161 3829 sanabat,
1187 3768 1242 3811 cur
1264 3763 1303 3807 oo

121 3851 302 3936 ciserunt³)
335 3875 409 3917 eum
437 3852 580 3918 Iudaei?
624 3853 674 3918 At
701 3852 760 3917 illa
786 3851 898 3933 coepit
923 3850 1003 3915 flere
1027 3850 1142 3915 dicens
1164 3849 1238 3915 Heu
1255 3865 1303 3917 me

120 3952 264 4034 domine,
297 3954 375 4019 dous
403 3977 495 4020 meus
523 3959 557 4045 et
585 3955 735 4020 dominus
763 3974 870 4034 meus,
902 3973 1000 4036 quem
1029 3952 1162 4016 Pilatus
1188 3970 1243 4033 pro
1266 3948 1303 4010 iu·

207 4147 230 4193 1.
259 4144 349 4197 Codex
368 4148 392 4198 b.
411 4149 428 4196 l.
448 4152 476 4197 et
494 4149 566 4197 infra
584 4148 665 4197 semel
688 4147 823 4196 caesarius
841 4145 936 4202 hebet.
960 4145 1025 4194 item
1044 4160 1061 4192 a
1083 4143 1182 4193 tiberio
1202 4138 1303 4190 anneo

117 4230 257 4280 commissa.

205 4316 230 4366 2.
258 4320 345 4365 ventus
363 4320 414 4365 eat:
437 4317 477 4365 ite
496 4316 587 4367 codex.
625 4315 757 4366 Similiter
775 4319 838 4380 post
856 4314 940 4363 habet
958 4312 1075 4362 obviatur
1093 4316 1140 4361 est.

205 4407 229 4454 3.
256 4404 410 4455 coaluerunt:
430 4405 468 4453 ita
487 4401 579 4453 codex.
