2880 5062
126 351 186 415 106
297 350 630 404 essurio-Marinum
648 353 892 404 avuncunlum.
924 353 998 404 CAP.
1019 354 1152 404 XXXVII.

123 505 259 568 iuvenis
282 504 334 568 illi
356 503 556 569 faciendum
579 503 759 586 grabatum
784 504 979 569 cubitorum
1003 525 1063 568 sex
1085 503 1203 570 deman

123 606 171 671 Et
189 605 430 689 iussitIoseph
441 628 555 690 puero
573 628 635 671 suo
653 606 807 671 incidere
825 606 958 688 lignum
975 627 1056 672 seca
1071 606 1203 672 ferrea:

124 709 205 774 dum
221 731 417 774 mensuram
428 731 531 793 quam
547 711 700 774 miserat.
726 707 794 792 Qui
811 730 881 774 non
899 707 1200 774 servavitdefinitu

123 813 278 893 modum3
302 811 364 876 scd
380 812 465 877 fecit
486 834 593 877 unum
609 813 742 897 lignum
759 812 897 877 brevius
920 811 1042 877 altero.
1072 812 1121 876 Et
1137 834 1203 895 coe]

124 916 209 999 seph
230 914 423 980 aestuando
447 915 600 998 cogitare
625 915 709 998 quid
732 915 932 980 faciendum
956 916 988 979 ei
1010 922 1104 980 esset
1125 937 1203 998 supe

122 1019 192 1083 'Et
208 1025 246 1083 ut
259 1017 457 1083 viditIesus
475 1039 552 1084 eum
569 1019 619 1084 sic
634 1024 853 1084 aestuantem
869 1019 1094 1102 cogitatione,
1113 1019 1168 1082 cui
1185 1020 1203 1104 [ι

122 1142 177 1187 res
189 1129 288 1205 gesta
297 1121 526 1204 impossibilis
538 1127 622 1203 erat,
637 1121 873 1187 consolatoria
882 1144 964 1187 voce
977 1122 1172 1205 alloquitur
1182 1142 1203 1185 e¹

123 1245 218 1289 cens:
249 1224 342 1291 Veni
359 1231 539 1290 teneamus
557 1226 672 1308 capita
691 1224 908 1308 singulorum
925 1225 1111 1309 lignorum,
1129 1230 1165 1290 et
1180 1245 1203 1289 cr

122 1348 242 1412 gamus
259 1336 416 1410 eacaput
432 1327 476 1394 ad
492 1333 606 1411 caput,
624 1333 659 1393 ct
673 1349 904 1410 coaequemus
922 1349 963 1393 ea
979 1327 1021 1393 ad
1039 1348 1075 1393 se
1094 1333 1129 1392 ct
1144 1326 1203 1391 tra]

122 1429 166 1494 ad
183 1452 261 1495 nos:
286 1432 477 1513 poterimus
496 1432 587 1496 enim
605 1452 646 1495 ea
662 1430 778 1495 facere
795 1430 967 1513 aequalia.
1003 1430 1103 1494 Tunc
1118 1429 1203 1511 Iosej

122 1534 327 1616 temperavit
342 1532 495 1614 iubenti;
516 1534 651 1599 sciebat
667 1535 759 1598 enim
776 1533 868 1616 quod
885 1539 1006 1616 posset
1021 1533 1137 1598 facere
1156 1555 1199 1616 qu

122 1635 236 1700 vellet.
281 1635 329 1700 Et
349 1636 583 1719 apprehendit
603 1637 732 1720 Ioseph
756 1637 872 1719 capita
892 1636 1065 1719 lignorum
1089 1642 1124 1700 et
1146 1637 1203 1699 iun

122 1739 291 1821 parietem
308 1744 343 1803 et
359 1741 455 1803 iuxta
472 1759 519 1818 se,
537 1744 573 1802 et
588 1739 705 1803 tenuit
718 1737 820 1802 Iesus
838 1738 949 1803 altera
965 1740 1082 1820 capita
1098 1738 1203 1821 ligno}

122 1842 229 1906 traxit
249 1840 293 1905 ad
315 1862 350 1906 se
374 1841 511 1906 brevius
533 1841 667 1924 lignum
691 1847 726 1906 ct
743 1842 948 1924 coaequavit
970 1840 1065 1925 ligno
1083 1841 1201 1924 longio

123 1942 211 2007 dixit
232 1942 275 2007 ad
291 1942 436 2027 Ioseph:
470 1943 569 2009 Vade
588 1944 741 2026 operari,
766 1951 801 2009 et
823 1943 878 2009 fac
896 1943 988 2026 quod
1006 1943 1203 2008 facturuml

122 2047 277 2111 miserae.
309 2045 356 2110 Et
372 2045 457 2110 fecit
473 2046 603 2129 Ioseph
621 2045 714 2130 quod
731 2047 948 2128 promiserat.

122 2273 268 2321 calitorrnn.
293 2273 344 2322 Ios.
363 2277 446 2321 autem
463 2274 537 2322 iussit
552 2288 632 2334 puero
651 2272 763 2320 incidere
782 2272 853 2335 lipsa
870 2290 944 2322 serra
953 2274 1049 2338 ferrea
1064 2274 1166 2322 remed.
1182 2289 1203 2322 m

123 2374 197 2422 quam
206 2358 368 2420 promiserat.
396 2357 447 2419 Qui
458 2374 508 2407 non
520 2359 633 2407 seruauit
644 2357 693 2406 siti
704 2358 835 2422 definitum
846 2359 958 2415 modurn,
977 2360 1021 2407 sed
1033 2375 1109 2406 unum
1121 2358 1182 2422 tipn.
1187 2363 1203 2423 j

122 2445 177 2493 vius
195 2444 286 2492 attero.
310 2445 349 2492 Et
361 2445 443 2505 coepit
455 2470 463 2480 ·
476 2459 552 2505 super
563 2445 617 2493 hoc.
653 2438 664 2470 ²
683 2444 721 2492 Et
738 2448 767 2491 ut
778 2444 829 2491 rid.
843 2459 897 2491 eam
910 2444 959 2491 Ies.
977 2445 1014 2492 sic
1032 2449 1203 2493 aestuantem<

122 2529 295 2578 consolatoria
311 2545 371 2578 voce
383 2553 392 2564 ·
405 2530 505 2578 dicens:
531 2529 593 2578 Noli
610 2530 775 2586 contristari,
792 2529 836 2577 sed
844 2544 912 2590 pone
925 2529 1024 2577 brevius
1037 2529 1132 2592 lipnrnn
1149 2534 1203 2579 ern

120 2615 199 2664 dende
213 2630 261 2676 per
272 2631 348 2663 unum
360 2620 439 2677 caput
450 2615 516 2663 illud
535 2619 560 2664 et
575 2631 620 2678 epo
629 2631 681 2677 per
692 2614 779 2671 atiud,
798 2619 824 2662 ct
836 2631 979 2678 coequemur
991 2631 1035 2670 σας
1049 2616 1190 2676 poterimus

120 2701 224 2765 aqualia
228 2701 329 2765 facere.
354 2700 392 2749 Et
397 2701 467 2765 fecit
479 2701 570 2761 Ioscplr
582 2701 648 2748 sicut
656 2704 829 2762 praeceperat
840 2700 864 2747 ei
875 2701 960 2748 Issus:
977 2700 1074 2748 sciebat
1090 2701 1155 2747 enim
1167 2717 1203 2763 qm

112 2788 207 2852 facere
219 2787 285 2850 quod
297 2785 381 2834 veltet.
406 2786 445 2834 Et
456 2786 626 2848 apprehendit
636 2785 729 2846 Ioseph
740 2784 790 2832 duo
803 2785 892 2845 capita
904 2784 1030 2855 tipnoram
1048 2790 1074 2834 et
1091 2786 1174 2833 iunxit
1190 2802 1203 2832 a

120 2878 169 2922 iem
182 2872 302 2936 (videtur
318 2876 344 2920 et
356 2870 427 2935 qnod
441 2871 467 2919 h.
478 2872 495 2921 l.
509 2884 526 2918 a
539 2871 616 2920 addit
629 2871 772 2921 dolendum
787 2869 856 2931 esse)
869 2871 942 2919 iacta
958 2887 984 2918 se
1001 2875 1026 2919 et
1043 2871 1125 2919 tenuit
1138 2869 1203 2934 [Iesu

121 2959 208 3021 capita
220 2956 354 3020 liquorum,
367 2971 385 3007 n
396 2973 438 3006 om
449 2955 529 3021 hacc]
544 2963 568 3006 et
581 2959 664 3005 trusit
676 2959 745 3006 adse
758 2957 857 3005 treviae
869 2957 964 3019 liqnnm
976 2962 1000 3005 ct
1010 2958 1142 3020 coequavit
1151 2956 1202 3020 lips

120 3048 145 3093 et
156 3044 224 3093 dicit
235 3045 270 3093 ad
279 3045 385 3106 Ioseplre
403 3044 472 3092 Ecce
484 3059 592 3106 operare
604 3045 725 3107 quomodo
737 3045 783 3092 ris.
803 3045 893 3105 Ioseph
905 3048 989 3092 auten
1001 3059 1056 3092 cum
1067 3044 1203 3105 vidissetqr

120 3131 200 3188 Iesus,
213 3129 374 3192 arnplesatus
386 3134 424 3178 ert
435 3146 489 3177 eum
501 3133 526 3178 ct
535 3129 616 3177 dixit:
628 3131 727 3177 Beatus
735 3145 789 3177 snm
800 3145 845 3191 epo
855 3130 915 3193 pata
925 3129 1095 3194 talemfitInrn
1104 3129 1175 3176 dedit
1183 3144 1203 3175 m

189 3215 222 3265 ln
235 3216 327 3265 codice
340 3228 357 3263 n
370 3215 485 3264 historie
497 3214 551 3263 ists
563 3215 601 3262 sic
615 3214 712 3263 habet:

190 3296 199 3327 ¹
211 3302 275 3350 Post
285 3302 346 3348 hacc
359 3300 461 3364 quidam
474 3300 629 3348 architector
641 3299 781 3363 lipnijader
793 3300 852 3347 dnm
861 3299 967 3363 faceret
981 3303 1100 3347 aratrum
1109 3314 1159 3361 pro
1171 3299 1203 3360 iug

120 3387 188 3435 venit
200 3387 302 3450 quidam
314 3384 368 3450 [et]
382 3387 450 3433 diem
461 3386 499 3434 et:
519 3386 573 3434 Fae
584 3385 645 3432 milri
656 3386 796 3448 speciosum
806 3385 950 3447 probation.
971 3384 1030 3432 Onrn
1043 3386 1127 3432 omnia
1137 3384 1203 3446 lipsa

120 3472 351 3535 operatnrsm’sset,
364 3471 471 3534 contipit
483 3471 549 3534 qnod
560 3472 686 3534 quoddam
699 3471 857 3536 tipnrnnsuit
869 3471 941 3519 breve
953 3486 1028 3518 unarn
1039 3485 1171 3531 sparnone.
1197 3469 1203 3516 1

121 3557 258 3622 lipnisader
275 3557 357 3617 coepit
373 3557 531 3605 contristari.
567 3552 578 3583 ²
598 3557 704 3621 Cumque
721 3559 825 3606 vidisset
842 3572 896 3605 eum
915 3556 1000 3613 Iesus,
1020 3556 1167 3604 consolatus
1182 3570 1203 3602 es

121 3644 159 3692 eis
177 3642 239 3690 Noli
252 3643 414 3698 contristor-m
429 3643 474 3690 sed
486 3643 645 3705 apprehende
658 3659 688 3691 ea
700 3659 751 3690 nna
759 3647 846 3705 parte,
860 3647 885 3691 et
897 3658 941 3705 eqo
954 3657 985 3689 ea
997 3640 1053 3688 alia
1065 3642 1197 3689 extendam

120 3745 166 3777 me.
187 3728 246 3775 Cum
258 3733 340 3776 autem
353 3721 506 3777 attendisset
518 3728 585 3777 illud
596 3729 631 3777 od
644 3728 825 3791 longitudinem
838 3728 947 3776 atterius
960 3727 1031 3790 lipni,
1045 3728 1113 3775 disin
1125 3727 1158 3775 ad
1170 3743 1203 3775 een

121 3815 193 3863 modo
210 3819 326 3863 sondrae
339 3814 476 3879 gradatum
492 3816 559 3863 sieut
573 3815 619 3862 cis.
644 3814 808 3862 Architector
826 3813 872 3861 itte
889 3817 915 3861 et
930 3828 1014 3861 onmes
1030 3814 1074 3876 qui
1091 3829 1145 3860 cnm
1161 3827 1188 3860 ec

121 3901 192 3949 domo
202 3914 257 3947 cum
265 3899 387 3949 uidissent
398 3900 495 3964 &menn
507 3901 692 3964 qnodsecerot,
706 3899 863 3947 admiranter
871 3899 1006 3947 dicerunt.-
1025 3897 1091 3946 Vero
1103 3899 1145 3945 tric
1156 3901 1193 3945 est

121 4001 192 4049 quem
203 3984 400 4050 espectartfllii
411 3985 506 4034 Israel.

190 4069 318 4133 Sequitur
331 4070 381 4119 hoe
395 4071 455 4119 loco
471 4072 500 4120 in
514 4069 606 4120 codice
619 4083 635 4118 u
649 4067 852 4118 narratiuncula
866 4083 933 4130 quse
952 4069 1030 4118 abest
1049 4068 1138 4117 scdd.
1152 4082 1169 4116 n
1183 4079 1203 4117 er

121 4164 210 4208 eutem
224 4157 304 4205 haec:

190 4244 228 4292 Et
240 4257 294 4290 enm
306 4241 379 4289 Iesus
391 4255 445 4287 curn
460 4239 522 4288 aliis
533 4238 672 4303 infantulis
682 4253 759 4300 super
770 4239 860 4287 radios
872 4239 942 4288 solus
954 4238 982 4300 (l
993 4238 1107 4287 rotarii?
1133 4239 1203 4301 Scri}

120 4329 184 4391 sol’)
201 4329 291 4392 utique
305 4326 395 4391 plures
411 4325 559 4374 ascenderet
574 4329 600 4373 et
616 4326 727 4381 sederet,
749 4324 870 4387 multique
887 4326 966 4374 simili
983 4326 1056 4374 modo
1069 4326 1164 4390 facere
1180 4340 1203 4373 cc

117 4414 368 4480 praecipitabantur,
380 4415 502 4460 eteorum
515 4426 592 4459 crura
597 4409 793 4475 frangebantur
805 4414 830 4457 et
841 4410 955 4459 bractia.
975 4409 1027 4458 Sed
1039 4410 1154 4459 dominus
1166 4409 1203 4458 Ies

121 4503 164 4551 dat
176 4515 266 4550 omnes.
