2880 5062
121 373 162 437 98
317 371 651 424 Psnuno-MAnnusnl
669 373 915 425 avertentium
946 369 1022 424 cAP.
1043 372 1121 423 XXX.

121 525 194 590 bat:
241 523 293 588 Tu
319 545 388 588 non
413 524 463 588 vis
489 523 598 587 filium
624 529 722 588 tuum
747 522 885 587 tradere
916 529 954 587 nt
980 522 1149 587 doceatur
1173 521 1257 585 scien

120 628 272 693 humana
288 633 322 692 et
338 623 486 692 timore?
510 624 579 692 Sed
595 625 695 692 video
712 632 747 691 te
768 625 960 691 etMariam
975 625 1155 709 plusnelle
1173 624 1257 708 dilig<

122 728 230 794 filium
245 734 398 794 vestrum
415 749 517 812 (luam
534 727 742 794 traditiones
762 729 938 794 seniorum
955 728 1088 812 populi.
1125 725 1257 811 Oportet

122 832 213 896 enim
229 852 287 896 vos
304 831 384 915 plus
400 831 570 897 honorare
587 831 810 914 presbyteros
827 832 935 896 totius
953 830 1124 896 ccclesiae
1141 830 1253 911 Israel,

121 932 1257 1000 utcuminfantibusmutuamhaberetcaritatemetintereosiudei

122 1035 321 1100 erudiretur
337 1037 507 1103 doctrina.
553 1034 648 1100 ‘Oui
670 1036 879 1101 econtrario
898 1034 986 1101 dixit
1000 1035 1146 1120 Ioseph:
1177 1036 1222 1099 Et
1234 1056 1257 1118 qi

122 1140 253 1222 estqui
275 1140 389 1222 possit
404 1138 497 1202 hunc
518 1139 689 1202 infantem
704 1143 825 1203 tenere
849 1145 883 1203 et
900 1136 1049 1203 dooere?
1081 1137 1152 1204 Sed
1175 1139 1202 1203 si
1216 1158 1257 1221 po‘

120 1249 158 1306 tu
179 1248 299 1307 tenere
324 1247 359 1307 et
380 1240 505 1308 doecre
530 1262 622 1324 cum,
648 1263 711 1306 nos
733 1242 873 1306 minime
896 1240 1123 1324 prohibemus
1146 1262 1255 1307 eume

121 1344 238 1409 doceri
256 1365 344 1427 qnae
366 1344 408 1409 ab
432 1344 591 1410 omnibus
609 1343 802 1409 discuntur.
833 1343 978 1409 Auditis
994 1344 1097 1410 Iesus
1117 1365 1205 1428 quae
1224 1343 1257 1409 di

120 1446 341 1531 ratZachyas
352 1447 534 1531 respondit
549 1447 582 1512 ci
599 1453 634 1512 ct
644 1446 745 1511 dixit:
767 1447 983 1530 Praeceptor
996 1447 1096 1532 legis,
1114 1467 1257 1531 quaepa

120 1556 201 1616 ante
224 1550 344 1615 dixisti
366 1556 401 1616 et
421 1551 537 1615 omnia
559 1571 647 1633 quae
669 1551 856 1615 nominasti
883 1557 1022 1634 oportet
1044 1551 1175 1616 servari
1199 1548 1257 1616 abt

121 1654 181 1736 qui
202 1653 379 1718 homiuum
402 1652 572 1718 docentur
593 1654 781 1718 institutis:
809 1653 869 1718 sed
892 1659 1078 1719 extraneus
1096 1674 1173 1717 sum
1192 1674 1211 1717 a
1228 1651 1256 1715 to

119 1756 261 1837 vestris,
289 1756 371 1838 quia
393 1762 576 1838 parentem
601 1755 776 1822 carnalem
801 1777 870 1821 non
895 1755 1018 1821 habeo.
1050 1754 1104 1819 Tu
1128 1757 1188 1839 qui
1206 1754 1257 1837 leg*

120 1859 208 1942 legis
226 1865 261 1923 et
277 1859 470 1923 instructus
482 1879 529 1942 es,
547 1859 671 1944 iulege
682 1880 880 1943 permanes:
899 1880 963 1943 ego
981 1864 1098 1923 autern
1115 1857 1257 1940 antelep

122 1983 223 2028 eram.
261 1959 332 2027 Sed
348 1982 425 2026 cum
440 1969 543 2044 putes
560 1970 594 2029 te
615 1984 684 2030 non
702 1963 830 2028 habere
847 1984 966 2047 parem
988 1961 1024 2026 in
1044 1961 1217 2042 doctrina,
1238 1980 1257 2023 er

122 2064 229 2131 dieris
246 2086 266 2129 a
282 2086 345 2146 me,
364 2066 528 2147 quoniam
545 2088 645 2132 nemo
663 2067 753 2132 alius
770 2072 888 2151 potest
898 2067 1024 2131 dooere
1042 2066 1111 2130 nisi
1128 2064 1211 2130 haec
1226 2083 1257 2146 qu

121 2167 319 2231 nominasti.
353 2166 435 2249 Ipse
453 2169 544 2233 enim
563 2176 680 2253 potest
697 2170 756 2253 qui
774 2170 900 2253 dignus
918 2175 981 2234 est.
1016 2167 1093 2250 Ego
1111 2173 1257 2231 autema

122 2268 293 2334 exaltatus
314 2268 413 2335 fuero
439 2292 459 2334 a
483 2278 590 2354 terra,
617 2293 753 2337 cessare
780 2271 905 2336 faciam
931 2290 1068 2336 omnem
1093 2265 1257 2354 genealogi

119 2378 254 2437 vestrae
272 2373 494 2439 mentionem.
525 2374 578 2440 Tu
596 2376 735 2458 quando
754 2380 856 2440 uatus
875 2396 921 2456 es,
939 2375 1096 2457 ignoras:
1121 2394 1183 2456 ego
1202 2375 1257 2436 aut

121 2549 206 2596 forma
219 2548 246 2596 in
257 2547 373 2597 Thomas
386 2551 527 2615 cvangelio
539 2551 639 2601 Graeca
652 2553 762 2616 legitur,
775 2551 821 2601 ubi
832 2567 889 2614 cap.
900 2549 945 2598 VI.
959 2546 1109 2611 Ζακχαῖοσ
1123 2549 1236 2603 habetur,
1244 2545 1257 2592 it

120 2633 190 2698 apud
202 2631 303 2698 Syrum.
319 2633 322 2698 t
337 2635 501 2686 traditiones:
520 2638 560 2686 ita
569 2651 604 2697 υς
622 2651 640 2686 A
651 2638 867 2686 contradictiones
880 2635 884 2701 Ι
899 2653 942 2686 uos
956 2642 987 2685 ut
997 2647 1031 2694 υς
1051 2650 1068 2683 A
1079 2651 1125 2683 aas
1138 2630 1143 2698 t
1158 2635 1220 2682 ister
1230 2645 1257 2679 eor

120 2732 155 2779 υς
168 2733 186 2768 A
199 2719 267 2767 s'nter
279 2735 324 2769 nos

189 2818 206 2853 Β
220 2808 271 2855 sic:
294 2807 423 2870 Maptster
439 2813 534 2867 asum,
552 2809 706 2857 Zoctameos
721 2809 839 2866 nomine„
850 2823 904 2855 curn
922 2806 1035 2855 audisset
1051 2820 1106 2852 earn
1118 2804 1184 2852 tatio
1196 2800 1257 2851 serto

121 2896 242 2954 petentem,
255 2893 337 2955 coepit
348 2894 402 2941 sine
414 2893 503 2941 timore
516 2893 586 2956 loqui
597 2898 687 2943 contra
699 2894 791 2957 Ioseph
800 2894 887 2941 dicens
897 2892 992 2954 (codex
1001 2891 1150 2952 dicentem).-
1164 2890 1198 2939 Ts
1207 2889 1257 2947 step

120 2977 191 3031 dts'as
203 2981 261 3025 tons
273 2982 371 3027 mercat
383 2994 432 3026 non
444 2978 590 3042 intelltpens
601 2979 724 3027 rnandma
737 2978 815 3041 lepis?
834 2978 884 3026 Car
897 2978 977 3041 ipsum
985 2976 1045 3024 deon
1053 2991 1121 3039 pser
1133 2980 1169 3024 est
1180 2990 1225 3022 non
1232 2971 1256 3019 do

123 3067 148 3110 et
160 3062 289 3126 sansonis
299 3067 328 3111 st
340 3065 475 3112 caritatem
486 3065 577 3113 tabeat
589 3066 656 3113 inter
661 3064 738 3129 filios
750 3064 851 3113 Israel?
875 3064 985 3111 Iudaica
997 3061 1133 3110 erudiatur
1144 3060 1255 3110 doctrino·

191 3147 259 3197 Item
273 3162 306 3198 n:
326 3149 454 3212 Maps'ster
466 3150 556 3199 taran
568 3150 671 3212 qnidam
683 3150 778 3198 Isdese
789 3151 887 3197 nominc
898 3149 1016 3204 Zacleias,
1031 3147 1138 3195 ondans
1149 3147 1179 3195 de
1190 3146 1257 3203 least

122 3235 147 3282 tn
156 3248 185 3282 eo
195 3234 374 3299 insuperabilis
383 3239 448 3283 esset
456 3235 595 3298 septentrio,
600 3236 694 3299 sactus
702 3239 740 3284 est
748 3235 837 3283 dolens
846 3239 871 3282 et
881 3235 948 3297 cepit
957 3259 966 3270 ·
976 3233 1086 3282 Dicebat
1098 3233 1177 3280 ends.-
1190 3257 1197 3266 ·
1210 3228 1257 3277 scio

121 3320 230 3368 dumoso
242 3319 355 3369 ttrnore‘st
379 3319 430 3368 Sed
442 3320 543 3368 videtur
555 3324 579 3368 te
595 3325 621 3369 et
631 3320 747 3369 Mariam
759 3344 768 3356 ·
782 3335 856 3384 quarn
869 3320 1025 3368 tradiciones
1035 3334 1086 3367 sen.
1096 3334 1157 3382 pop.
1183 3316 1257 3381 oport

121 3406 185 3453 enirn
197 3421 241 3454 cos
253 3432 261 3441 ·
274 3406 369 3464 Israel,
382 3410 410 3454 st
423 3422 477 3453 curn
490 3431 498 3440 ·
512 3407 578 3454 inter
590 3422 632 3456 eos
644 3407 696 3454 iod.
710 3407 781 3455 erud.
793 3407 875 3455 doctr.

190 3494 214 3540 2.
233 3492 271 3540 Et
283 3492 338 3555 quie
350 3495 427 3550 ut1>;
440 3504 458 3539 A
471 3491 544 3540 Etsi
555 3493 612 3555 quis
625 3488 629 3557 1
643 3493 761 3541 Auditis:
775 3492 813 3541 sic
827 3505 859 3551 A;
875 3503 894 3539 1>
907 3488 1014 3538 audiens
1025 3487 1029 3554 Ι
1041 3493 1196 3553 praeceptor
1207 3493 1257 3536 utu

118 3577 290 3641 praeceptori.
320 3575 491 3627 Coniecersm
504 3578 531 3626 in
546 3578 586 3628 ed.
600 3581 623 3628 1.
633 3583 775 3642 praecepta
788 3575 792 3643 Ι
806 3577 867 3642 Ipse
878 3579 943 3625 enim
950 3581 1037 3640 potest
1048 3577 1092 3639 qut
1105 3575 1135 3638 (n
1149 3570 1257 3638 potastis

122 3668 174 3712 est.-
193 3663 318 3726 proposui
337 3662 365 3711 in
379 3662 420 3711 sd·
435 3665 458 3712 1.
483 3662 593 3727 Quisque
605 3664 669 3712 eninr
678 3668 764 3727 potest
776 3663 864 3727 quitus
875 3663 967 3725 dtpnns
978 3666 1024 3710 est.
1050 3661 1189 3724 Scriptura
1200 3655 1257 3707 codis

121 3748 165 3796 vix
178 3764 250 3797 sans.
270 3747 343 3805 Quae
355 3748 473 3810 proxime
485 3748 660 3812 praecedunt,
673 3750 765 3812 paullo
778 3749 859 3798 aliter
872 3749 900 3797 in
911 3749 1069 3812 plaguntur·
1082 3745 1159 3810 (quae
1171 3756 1257 3793 nenos

122 3834 212 3881 docem
221 3837 306 3894 potest
316 3833 367 3882 nisi
378 3834 419 3881 tic
431 3849 501 3897 quens
512 3834 659 3896 nominasti)
666 3854 674 3890 ,-
692 3834 740 3884 sed
753 3840 849 3884 neutra
862 3834 929 3882 satis
942 3833 1059 3896 placent.
1074 3829 1078 3897 t
1093 3848 1110 3879 a
1122 3836 1193 3880 terro
1208 3832 1257 3878 utn

123 3919 149 3966 s'n
160 3922 234 3967 terra

193 4003 237 4053 Sic
255 4005 338 4069 igitur
351 4018 384 4054 D:
411 4006 456 4054 Cot
471 4012 588 4056 econtra
600 4008 651 4056 Ias.
665 4006 718 4055 ait:
743 4006 781 4054 Et
793 4005 849 4068 qais
865 4008 902 4053 est
914 4005 958 4068 qui
969 4005 1035 4051 tnnc
1053 4003 1100 4068 tnf.
1110 4003 1193 4067 possit
1204 4006 1257 4050 tenet

123 4089 196 4137 dac?
220 4089 271 4138 Sed
283 4090 306 4139 ss'
324 4095 351 4139 ts
361 4094 499 4154 pateream
512 4097 561 4142 ten.
579 4095 671 4143 etdoc.
685 4119 694 4128 -
706 4092 794 4141 doceri
811 4108 828 4139 a
840 4096 865 4140 te
877 4107 908 4139 eo
920 4107 983 4154 qnae
1002 4088 1257 4139 arremarensem

123 4176 238 4224 Audiens
250 4175 286 4223 Ie.
300 4191 364 4239 quae
376 4175 486 4224 Zoctr'ae
497 4178 559 4236 dte„
572 4195 638 4244 resp.
651 4183 676 4228 et
687 4179 740 4227 die.
754 4178 790 4226 ei:
808 4173 966 4239 Praeceptor
979 4174 1051 4237 lepis,
1063 4175 1148 4222 omnio
1160 4173 1257 4237 aaron

125 4260 175 4309 tarn
192 4265 252 4309 onte
263 4261 316 4308 dis.
335 4265 361 4308 et
371 4262 507 4310 nominasti
519 4269 619 4327 oportet
631 4265 764 4315 adservare
776 4265 896 4311 dominam
908 4261 1014 4311 similem
1026 4260 1072 4309 tot.
1104 4260 1202 4298 sstem
1213 4260 1251 4309 09⁰

124 4347 155 4396 at
174 4348 312 4406 institutis,
330 4351 467 4397 extraneae
484 4366 501 4397 a
510 4351 585 4415 forie
597 4353 701 4407 uestris,·
710 4356 844 4417 parentem
857 4348 985 4397 carnatem
998 4356 1047 4389 non
1058 4337 1145 4385 tadeo.
1177 4334 1211 4383 Tu
1224 4332 1257 4396 psi

124 4433 202 4497 lepern
214 4434 278 4498 lepis
289 4438 314 4483 et
326 4435 465 4485 instructae
475 4437 502 4484 in
515 4437 569 4501 ispe
577 4455 712 4502 permanes
724 4465 732 4476 ·
746 4455 799 4487 enne
808 4442 888 4501 potas
899 4459 908 4471 ·
921 4449 938 4481 a
949 4446 987 4480 nse
1000 4441 1064 4492 qnae
1077 4438 1146 4473 nenw
1158 4418 1257 4470 auno

118 4524 206 4584 potest
216 4521 268 4570 nisi
278 4522 319 4571 tic
328 4538 399 4587 quem
407 4523 551 4574 nominasti.
569 4525 630 4589 Ipse
642 4526 706 4574 enirn
714 4528 800 4589 potest
812 4524 872 4588 peto
880 4521 971 4583 dipsas
983 4519 1028 4565 est.
1047 4513 1106 4576 Epo
1119 4537 1128 4547 ·
1141 4526 1158 4558 o
1170 4512 1245 4559 terro,
