<?xml version="1.0" encoding="UTF-8"?>
<!DOCTYPE html PUBLIC "-//W3C//DTD XHTML 1.0 Transitional//EN"
    "http://www.w3.org/TR/xhtml1/DTD/xhtml1-transitional.dtd">
<html xmlns="http://www.w3.org/1999/xhtml" xml:lang="en" lang="en">
 <head>
  <title>
</title>
<meta http-equiv="Content-Type" content="text/html;charset=utf-8" />
  <meta name='ocr-system' content='tesseract 3.04.00' />
  <meta name='ocr-capabilities' content='ocr_page ocr_carea ocr_par ocr_line ocrx_word'/>
</head>
<body>
  <div class='ocr_page' id='page_1' title='image "./evangeliaapocry01tiscgoog_0286.png"; bbox 0 0 2896 5062; ppageno 0'>
   <div class='ocr_carea' id='block_1_1' title="bbox 84 1182 1268 1260">
    <p class='ocr_par' dir='ltr' id='par_1_1' title="bbox 84 1182 1268 1260">
     <span class='ocr_line' id='line_1_1' title="bbox 84 1182 1268 1260; baseline -0.003 0"><span class='ocrx_word' id='word_1_1' title='bbox 84 1183 410 1260; x_wconf 65' lang='lat' dir='ltr'><strong>nvnuesnlfflu</strong></span> <span class='ocrx_word' id='word_1_2' title='bbox 434 1183 693 1259; x_wconf 73' lang='lat' dir='ltr'><strong>INFANI&#39;IAII</strong></span> <span class='ocrx_word' id='word_1_3' title='bbox 711 1182 998 1258; x_wconf 80' lang='lat' dir='ltr'><strong>SALVATORIS</strong></span> <span class='ocrx_word' id='word_1_4' title='bbox 1015 1183 1268 1259; x_wconf 78' lang='lat' dir='ltr'><strong>ARABIGUII.</strong></span> 
     </span>
    </p>
   </div>
   <div class='ocr_carea' id='block_1_2' title="bbox 126 1421 1244 1477">
    <p class='ocr_par' dir='ltr' id='par_1_2' title="bbox 126 1421 1244 1477">
     <span class='ocr_line' id='line_1_2' title="bbox 126 1421 1244 1477; baseline -0.006 1"><span class='ocrx_word' id='word_1_5' title='bbox 126 1426 166 1477; x_wconf 68' lang='lat' dir='ltr'><strong>ln*</strong></span> <span class='ocrx_word' id='word_1_6' title='bbox 187 1425 328 1477; x_wconf 78' lang='lat' dir='ltr'>NOMINE</span> <span class='ocrx_word' id='word_1_7' title='bbox 347 1423 471 1474; x_wconf 80' lang='lat' dir='ltr'>PATRIS</span> <span class='ocrx_word' id='word_1_8' title='bbox 490 1424 535 1473; x_wconf 79' lang='grc' dir='ltr'><strong>ΕΤ</strong></span> <span class='ocrx_word' id='word_1_9' title='bbox 554 1423 641 1474; x_wconf 84' lang='lat' dir='ltr'>FILII</span> <span class='ocrx_word' id='word_1_10' title='bbox 659 1424 703 1473; x_wconf 79' lang='grc' dir='ltr'><strong>ΕΤ</strong></span> <span class='ocrx_word' id='word_1_11' title='bbox 722 1421 881 1473; x_wconf 79' lang='lat' dir='ltr'>SPIRITUS</span> <span class='ocrx_word' id='word_1_12' title='bbox 902 1421 1028 1472; x_wconf 81' lang='lat' dir='ltr'><strong>SANCTI</strong></span> <span class='ocrx_word' id='word_1_13' title='bbox 1046 1423 1107 1472; x_wconf 78' lang='lat' dir='ltr'><strong>DEI</strong></span> <span class='ocrx_word' id='word_1_14' title='bbox 1127 1422 1244 1473; x_wconf 87' lang='lat' dir='ltr'>UNIUS.</span> 
     </span>
    </p>
   </div>
   <div class='ocr_carea' id='block_1_3' title="bbox 69 1623 1287 2016">
    <p class='ocr_par' dir='ltr' id='par_1_3' title="bbox 69 1623 1287 2016">
     <span class='ocr_line' id='line_1_3' title="bbox 169 1623 1286 1706; baseline -0.002 -16"><span class='ocrx_word' id='word_1_15' title='bbox 169 1624 421 1691; x_wconf 86' lang='lat' dir='ltr'><strong>Auxiliante</strong></span> <span class='ocrx_word' id='word_1_16' title='bbox 444 1631 484 1691; x_wconf 90' lang='lat' dir='ltr'><strong>et</strong></span> <span class='ocrx_word' id='word_1_17' title='bbox 504 1624 673 1691; x_wconf 83' lang='lat' dir='ltr'><strong>favente</strong></span> <span class='ocrx_word' id='word_1_18' title='bbox 696 1644 851 1689; x_wconf 92' lang='lat' dir='ltr'><strong>summo</strong></span> <span class='ocrx_word' id='word_1_19' title='bbox 868 1624 1036 1688; x_wconf 91' lang='lat' dir='ltr'><strong>numine</strong></span> <span class='ocrx_word' id='word_1_20' title='bbox 1058 1623 1286 1706; x_wconf 81' lang='lat' dir='ltr'><strong>incipimus</strong></span> 
     </span>
     <span class='ocr_line' id='line_1_4' title="bbox 69 1725 1287 1795; baseline -0.004 0"><span class='ocrx_word' id='word_1_21' title='bbox 69 1728 272 1795; x_wconf 74' lang='lat' dir='ltr'><strong>scribere</strong></span> <span class='ocrx_word' id='word_1_22' title='bbox 295 1727 450 1793; x_wconf 91' lang='lat' dir='ltr'><strong>librum</strong></span> <span class='ocrx_word' id='word_1_23' title='bbox 472 1726 771 1792; x_wconf 77' lang='lat' dir='ltr'>miraculorum</span> <span class='ocrx_word' id='word_1_24' title='bbox 790 1725 884 1791; x_wconf 90' lang='lat' dir='ltr'><strong>heri</strong></span> <span class='ocrx_word' id='word_1_25' title='bbox 908 1732 949 1791; x_wconf 94' lang='lat' dir='ltr'><strong>et</strong></span> <span class='ocrx_word' id='word_1_26' title='bbox 965 1726 1122 1791; x_wconf 92' lang='lat' dir='ltr'><strong>domini</strong></span> <span class='ocrx_word' id='word_1_27' title='bbox 1143 1732 1185 1791; x_wconf 89' lang='lat' dir='ltr'><strong>et</strong></span> <span class='ocrx_word' id='word_1_28' title='bbox 1206 1725 1287 1792; x_wconf 90' lang='lat' dir='ltr'><strong>sal·</strong></span> 
     </span>
     <span class='ocr_line' id='line_1_5' title="bbox 69 1827 1286 1913; baseline -0.001 -18"><span class='ocrx_word' id='word_1_29' title='bbox 69 1831 244 1898; x_wconf 66' lang='lat' dir='ltr'><strong>satoris</strong></span> <span class='ocrx_word' id='word_1_30' title='bbox 281 1831 416 1895; x_wconf 85' lang='lat' dir='ltr'><strong>nostri</strong></span> <span class='ocrx_word' id='word_1_31' title='bbox 448 1829 545 1894; x_wconf 91' lang='lat' dir='ltr'><strong>Iesu</strong></span> <span class='ocrx_word' id='word_1_32' title='bbox 578 1827 756 1910; x_wconf 83' lang='lat' dir='ltr'>Christi,</span> <span class='ocrx_word' id='word_1_33' title='bbox 793 1829 862 1913; x_wconf 92' lang='lat' dir='ltr'><strong>qui</strong></span> <span class='ocrx_word' id='word_1_34' title='bbox 894 1836 1071 1895; x_wconf 85' lang='lat' dir='ltr'><strong>vocatur</strong></span> <span class='ocrx_word' id='word_1_35' title='bbox 1102 1850 1286 1894; x_wconf 76' lang='lat' dir='ltr'><strong>EVANGE·</strong></span> 
     </span>
     <span class='ocr_line' id='line_1_6' title="bbox 75 1930 1003 2016; baseline -0.002 -17"><span class='ocrx_word' id='word_1_36' title='bbox 75 1953 457 2015; x_wconf 65' lang='lat' dir='ltr'><strong>murmuraremus,</strong></span> <span class='ocrx_word' id='word_1_37' title='bbox 479 1935 519 1997; x_wconf 93' lang='lat' dir='ltr'><strong>in</strong></span> <span class='ocrx_word' id='word_1_38' title='bbox 541 1953 640 2016; x_wconf 91' lang='lat' dir='ltr'><strong>pace</strong></span> <span class='ocrx_word' id='word_1_39' title='bbox 665 1932 833 1998; x_wconf 80' lang='lat' dir='ltr'><strong>domini.</strong></span> <span class='ocrx_word' id='word_1_40' title='bbox 862 1930 1003 1997; x_wconf 85' lang='lat' dir='ltr'><strong>Amen.</strong></span> 
     </span>
    </p>
   </div>
   <div class='ocr_carea' id='block_1_4' title="bbox 598 2153 771 2221">
    <p class='ocr_par' dir='ltr' id='par_1_4' title="bbox 598 2153 771 2221">
     <span class='ocr_line' id='line_1_7' title="bbox 598 2153 771 2221; baseline -0.017 0"><span class='ocrx_word' id='word_1_41' title='bbox 598 2153 720 2221; x_wconf 78' lang='lat' dir='ltr'><strong>Onrur</strong></span> <span class='ocrx_word' id='word_1_42' title='bbox 742 2153 771 2219; x_wconf 93' lang='grc' dir='ltr'><strong>Ι.</strong></span> 
     </span>
    </p>
   </div>
   <div class='ocr_carea' id='block_1_5' title="bbox 72 2325 1287 3010">
    <p class='ocr_par' dir='ltr' id='par_1_5' title="bbox 72 2325 1287 3010">
     <span class='ocr_line' id='line_1_8' title="bbox 169 2325 1286 2413; baseline -0.001 -20"><span class='ocrx_word' id='word_1_43' title='bbox 169 2329 371 2393; x_wconf 86' lang='lat' dir='ltr'>Invenimus</span> <span class='ocrx_word' id='word_1_44' title='bbox 396 2330 499 2413; x_wconf 91' lang='lat' dir='ltr'><strong>[quae</strong></span> <span class='ocrx_word' id='word_1_45' title='bbox 527 2328 737 2413; x_wconf 91' lang='lat' dir='ltr'><strong>sequuntur]</strong></span> <span class='ocrx_word' id='word_1_46' title='bbox 760 2328 797 2391; x_wconf 89' lang='lat' dir='ltr'><strong>in</strong></span> <span class='ocrx_word' id='word_1_47' title='bbox 818 2326 909 2391; x_wconf 89' lang='lat' dir='ltr'><strong>libro</strong></span> <span class='ocrx_word' id='word_1_48' title='bbox 931 2325 1076 2410; x_wconf 92' lang='lat' dir='ltr'><strong>Iosephi</strong></span> <span class='ocrx_word' id='word_1_49' title='bbox 1097 2325 1286 2410; x_wconf 89' lang='lat' dir='ltr'><strong>pontificis,</strong></span> 
     </span>
     <span class='ocr_line' id='line_1_9' title="bbox 85 2429 1286 2514; baseline -0.002 -17"><span class='ocrx_word' id='word_1_50' title='bbox 85 2433 143 2514; x_wconf 90' lang='lat' dir='ltr'><strong>qui</strong></span> <span class='ocrx_word' id='word_1_51' title='bbox 166 2432 253 2496; x_wconf 86' lang='lat' dir='ltr'><strong>vixit</strong></span> <span class='ocrx_word' id='word_1_52' title='bbox 271 2437 429 2514; x_wconf 89' lang='lat' dir='ltr'><strong>tempore</strong></span> <span class='ocrx_word' id='word_1_53' title='bbox 453 2429 601 2510; x_wconf 79' lang='lat' dir='ltr'><strong>Christi3</strong></span> <span class='ocrx_word' id='word_1_54' title='bbox 628 2429 751 2496; x_wconf 88' lang='lat' dir='ltr'><strong>dicunt</strong></span> <span class='ocrx_word' id='word_1_55' title='bbox 774 2435 891 2496; x_wconf 90' lang='lat' dir='ltr'><strong>autem</strong></span> <span class='ocrx_word' id='word_1_56' title='bbox 912 2429 1080 2495; x_wconf 82' lang='lat' dir='ltr'>nonnulli</span> <span class='ocrx_word' id='word_1_57' title='bbox 1105 2450 1184 2495; x_wconf 87' lang='lat' dir='ltr'><strong>eum</strong></span> <span class='ocrx_word' id='word_1_58' title='bbox 1209 2449 1286 2495; x_wconf 89' lang='lat' dir='ltr'><strong>esse</strong></span> 
     </span>
     <span class='ocr_line' id='line_1_10' title="bbox 86 2531 1286 2618; baseline 0 -20"><span class='ocrx_word' id='word_1_59' title='bbox 86 2531 286 2618; x_wconf 82' lang='lat' dir='ltr'><strong>(laiapham.</strong></span> <span class='ocrx_word' id='word_1_60' title='bbox 316 2533 419 2599; x_wconf 84' lang='lat' dir='ltr'><strong>Dixit</strong></span> <span class='ocrx_word' id='word_1_61' title='bbox 439 2534 501 2599; x_wconf 91' lang='lat' dir='ltr'><strong>ille</strong></span> <span class='ocrx_word' id='word_1_62' title='bbox 516 2533 636 2599; x_wconf 91' lang='lat' dir='ltr'><strong>Iesum</strong></span> <span class='ocrx_word' id='word_1_63' title='bbox 659 2532 815 2598; x_wconf 89' lang='lat' dir='ltr'><strong>locutum</strong></span> <span class='ocrx_word' id='word_1_64' title='bbox 836 2553 912 2599; x_wconf 91' lang='lat' dir='ltr'><strong>esse</strong></span> <span class='ocrx_word' id='word_1_65' title='bbox 936 2532 1130 2616; x_wconf 88' lang='lat' dir='ltr'><strong>etquidem</strong></span> <span class='ocrx_word' id='word_1_66' title='bbox 1151 2553 1228 2597; x_wconf 92' lang='lat' dir='ltr'><strong>cum</strong></span> <span class='ocrx_word' id='word_1_67' title='bbox 1249 2534 1286 2599; x_wconf 92' lang='lat' dir='ltr'><strong>in</strong></span> 
     </span>
     <span class='ocr_line' id='line_1_11' title="bbox 86 2634 1286 2720; baseline 0.003 -22"><span class='ocrx_word' id='word_1_68' title='bbox 86 2639 183 2702; x_wconf 86' lang='lat' dir='ltr'><strong>cunis</strong></span> <span class='ocrx_word' id='word_1_69' title='bbox 207 2637 355 2716; x_wconf 87' lang='lat' dir='ltr'><strong>iaceret,</strong></span> <span class='ocrx_word' id='word_1_70' title='bbox 379 2636 579 2719; x_wconf 85' lang='lat' dir='ltr'><strong>dixisseque</strong></span> <span class='ocrx_word' id='word_1_71' title='bbox 597 2636 700 2701; x_wconf 87' lang='lat' dir='ltr'><strong>matri</strong></span> <span class='ocrx_word' id='word_1_72' title='bbox 717 2656 800 2700; x_wconf 89' lang='lat' dir='ltr'><strong>suae</strong></span> <span class='ocrx_word' id='word_1_73' title='bbox 816 2634 967 2701; x_wconf 88' lang='lat' dir='ltr'><strong>Mariae:</strong></span> <span class='ocrx_word' id='word_1_74' title='bbox 997 2635 1075 2720; x_wconf 82' lang='lat' dir='ltr'><strong>Ego</strong></span> <span class='ocrx_word' id='word_1_75' title='bbox 1092 2657 1168 2701; x_wconf 90' lang='lat' dir='ltr'><strong>sum</strong></span> <span class='ocrx_word' id='word_1_76' title='bbox 1183 2634 1286 2701; x_wconf 89' lang='lat' dir='ltr'><strong>Iesus</strong></span> 
     </span>
     <span class='ocr_line' id='line_1_12' title="bbox 83 2736 1287 2824; baseline 0.001 -22"><span class='ocrx_word' id='word_1_77' title='bbox 83 2738 176 2806; x_wconf 86' lang='lat' dir='ltr'><strong>filius</strong></span> <span class='ocrx_word' id='word_1_78' title='bbox 195 2739 263 2821; x_wconf 79' lang='lat' dir='ltr'><strong>dei,</strong></span> <span class='ocrx_word' id='word_1_79' title='bbox 281 2736 433 2824; x_wconf 73' lang='grc' dir='ltr'>ὂλόγοσ,</span> <span class='ocrx_word' id='word_1_80' title='bbox 451 2760 553 2823; x_wconf 90' lang='lat' dir='ltr'><strong>quem</strong></span> <span class='ocrx_word' id='word_1_81' title='bbox 570 2739 741 2822; x_wconf 81' lang='lat' dir='ltr'><strong>peperisti</strong></span> <span class='ocrx_word' id='word_1_82' title='bbox 758 2738 1049 2822; x_wconf 85' lang='lat' dir='ltr'><strong>quemadmodum</strong></span> <span class='ocrx_word' id='word_1_83' title='bbox 1065 2738 1287 2817; x_wconf 82' lang='lat' dir='ltr'><strong>adnuntiavit</strong></span> 
     </span>
     <span class='ocr_line' id='line_1_13' title="bbox 78 2840 1286 2926; baseline 0.001 -23"><span class='ocrx_word' id='word_1_84' title='bbox 78 2844 147 2910; x_wconf 90' lang='lat' dir='ltr'><strong>tibi</strong></span> <span class='ocrx_word' id='word_1_85' title='bbox 179 2843 327 2926; x_wconf 83' lang='lat' dir='ltr'><strong>angelus</strong></span> <span class='ocrx_word' id='word_1_86' title='bbox 355 2840 515 2922; x_wconf 86' lang='lat' dir='ltr'><strong>Gabriel;</strong></span> <span class='ocrx_word' id='word_1_87' title='bbox 544 2842 709 2924; x_wconf 86' lang='lat' dir='ltr'><strong>misitque</strong></span> <span class='ocrx_word' id='word_1_88' title='bbox 735 2861 788 2906; x_wconf 89' lang='lat' dir='ltr'><strong>me</strong></span> <span class='ocrx_word' id='word_1_89' title='bbox 814 2847 915 2925; x_wconf 89' lang='lat' dir='ltr'><strong>pater</strong></span> <span class='ocrx_word' id='word_1_90' title='bbox 938 2862 1036 2906; x_wconf 89' lang='lat' dir='ltr'><strong>meus</strong></span> <span class='ocrx_word' id='word_1_91' title='bbox 1067 2841 1286 2907; x_wconf 90' lang='lat' dir='ltr'><strong>adsalutem</strong></span> 
     </span>
     <span class='ocr_line' id='line_1_14' title="bbox 72 2943 215 3010; baseline -0.028 0"><span class='ocrx_word' id='word_1_92' title='bbox 72 2943 215 3010; x_wconf 81' lang='lat' dir='ltr'><strong>mundi.</strong></span> 
     </span>
    </p>
   </div>
   <div class='ocr_carea' id='block_1_6' title="bbox 587 3109 780 3178">
    <p class='ocr_par' dir='ltr' id='par_1_6' title="bbox 587 3109 780 3178">
     <span class='ocr_line' id='line_1_15' title="bbox 587 3109 780 3178; baseline 0.005 -1"><span class='ocrx_word' id='word_1_93' title='bbox 587 3109 708 3178; x_wconf 72' lang='lat' dir='ltr'><strong>Carnu</strong></span> <span class='ocrx_word' id='word_1_94' title='bbox 731 3112 780 3178; x_wconf 90' lang='lat' dir='ltr'><strong>H.</strong></span> 
     </span>
    </p>
   </div>
   <div class='ocr_carea' id='block_1_7' title="bbox 53 3283 1309 4090">
    <p class='ocr_par' dir='ltr' id='par_1_7' title="bbox 53 3283 1309 3989">
     <span class='ocr_line' id='line_1_16' title="bbox 168 3283 1288 3351; baseline 0 0"><span class='ocrx_word' id='word_1_95' title='bbox 168 3284 276 3351; x_wconf 88' lang='lat' dir='ltr'><strong>Anno</strong></span> <span class='ocrx_word' id='word_1_96' title='bbox 302 3290 418 3349; x_wconf 89' lang='lat' dir='ltr'><strong>autem</strong></span> <span class='ocrx_word' id='word_1_97' title='bbox 444 3286 691 3350; x_wconf 88' lang='lat' dir='ltr'><strong>trecentesimo</strong></span> <span class='ocrx_word' id='word_1_98' title='bbox 715 3305 807 3350; x_wconf 89' lang='lat' dir='ltr'><strong>nono</strong></span> <span class='ocrx_word' id='word_1_99' title='bbox 832 3305 935 3351; x_wconf 89' lang='lat' dir='ltr'><strong>aerae</strong></span> <span class='ocrx_word' id='word_1_100' title='bbox 955 3283 1152 3351; x_wconf 87' lang='lat' dir='ltr'><strong>Alexandri</strong></span> <span class='ocrx_word' id='word_1_101' title='bbox 1177 3285 1288 3351; x_wconf 84' lang='lat' dir='ltr'><strong>edeit</strong></span> 
     </span>
     <span class='ocr_line' id='line_1_17' title="bbox 53 3387 1287 3472; baseline -0.002 -16"><span class='ocrx_word' id='word_1_102' title='bbox 53 3390 269 3472; x_wconf 75' lang='lat' dir='ltr'><strong>Augustus</strong></span> <span class='ocrx_word' id='word_1_103' title='bbox 292 3393 330 3452; x_wconf 92' lang='lat' dir='ltr'><strong>ut</strong></span> <span class='ocrx_word' id='word_1_104' title='bbox 352 3387 613 3453; x_wconf 86' lang='lat' dir='ltr'><strong>describeretur</strong></span> <span class='ocrx_word' id='word_1_105' title='bbox 633 3389 877 3472; x_wconf 90' lang='lat' dir='ltr'><strong>unusquisque</strong></span> <span class='ocrx_word' id='word_1_106' title='bbox 900 3390 935 3453; x_wconf 94' lang='lat' dir='ltr'><strong>in</strong></span> <span class='ocrx_word' id='word_1_107' title='bbox 957 3389 1073 3472; x_wconf 90' lang='lat' dir='ltr'><strong>patria</strong></span> <span class='ocrx_word' id='word_1_108' title='bbox 1094 3410 1167 3454; x_wconf 89' lang='lat' dir='ltr'><strong>sua.</strong></span> <span class='ocrx_word' id='word_1_109' title='bbox 1205 3387 1287 3455; x_wconf 85' lang='lat' dir='ltr'><strong>Sur·</strong></span> 
     </span>
     <span class='ocr_line' id='line_1_18' title="bbox 57 3490 1288 3575; baseline -0.001 -16"><span class='ocrx_word' id='word_1_110' title='bbox 57 3493 175 3559; x_wconf 59' lang='lat' dir='ltr'><strong>texit</strong></span> <span class='ocrx_word' id='word_1_111' title='bbox 194 3491 303 3574; x_wconf 83' lang='lat' dir='ltr'><strong>igitur</strong></span> <span class='ocrx_word' id='word_1_112' title='bbox 321 3490 511 3574; x_wconf 88' lang='lat' dir='ltr'><strong>Iosephus,</strong></span> <span class='ocrx_word' id='word_1_113' title='bbox 536 3497 572 3556; x_wconf 90' lang='lat' dir='ltr'><strong>et</strong></span> <span class='ocrx_word' id='word_1_114' title='bbox 594 3498 749 3557; x_wconf 90' lang='lat' dir='ltr'><strong>assumta</strong></span> <span class='ocrx_word' id='word_1_115' title='bbox 764 3490 879 3557; x_wconf 88' lang='lat' dir='ltr'><strong>Maria</strong></span> <span class='ocrx_word' id='word_1_116' title='bbox 895 3512 1025 3575; x_wconf 87' lang='lat' dir='ltr'><strong>sponsa</strong></span> <span class='ocrx_word' id='word_1_117' title='bbox 1041 3513 1104 3557; x_wconf 90' lang='lat' dir='ltr'><strong>sua</strong></span> <span class='ocrx_word' id='word_1_118' title='bbox 1119 3491 1288 3558; x_wconf 88' lang='lat' dir='ltr'><strong>Hieroso-</strong></span> 
     </span>
     <span class='ocr_line' id='line_1_19' title="bbox 58 3588 1285 3681; baseline 0 -20"><span class='ocrx_word' id='word_1_119' title='bbox 58 3588 175 3681; x_wconf 86' lang='lat' dir='ltr'><strong>lyma</strong></span> <span class='ocrx_word' id='word_1_120' title='bbox 190 3593 279 3659; x_wconf 91' lang='lat' dir='ltr'><strong>abiit</strong></span> <span class='ocrx_word' id='word_1_121' title='bbox 293 3593 457 3675; x_wconf 83' lang='lat' dir='ltr'><strong>uenitque</strong></span> <span class='ocrx_word' id='word_1_122' title='bbox 468 3593 749 3677; x_wconf 90' lang='lat' dir='ltr'><strong>Bethlehemum,</strong></span> <span class='ocrx_word' id='word_1_123' title='bbox 765 3601 805 3660; x_wconf 91' lang='lat' dir='ltr'><strong>ut</strong></span> <span class='ocrx_word' id='word_1_124' title='bbox 821 3615 897 3659; x_wconf 91' lang='lat' dir='ltr'><strong>cum</strong></span> <span class='ocrx_word' id='word_1_125' title='bbox 914 3594 1049 3660; x_wconf 85' lang='lat' dir='ltr'><strong>familia</strong></span> <span class='ocrx_word' id='word_1_126' title='bbox 1065 3616 1129 3660; x_wconf 90' lang='lat' dir='ltr'><strong>sua</strong></span> <span class='ocrx_word' id='word_1_127' title='bbox 1144 3596 1181 3659; x_wconf 91' lang='lat' dir='ltr'><strong>in</strong></span> <span class='ocrx_word' id='word_1_128' title='bbox 1197 3595 1285 3661; x_wconf 89' lang='lat' dir='ltr'><strong>urbe</strong></span> 
     </span>
     <span class='ocr_line' id='line_1_20' title="bbox 61 3694 1286 3782; baseline 0.001 -19"><span class='ocrx_word' id='word_1_129' title='bbox 61 3697 198 3782; x_wconf 78' lang='lat' dir='ltr'><strong>patria</strong></span> <span class='ocrx_word' id='word_1_130' title='bbox 222 3694 492 3762; x_wconf 84' lang='lat' dir='ltr'><strong>describeretur.</strong></span> <span class='ocrx_word' id='word_1_131' title='bbox 545 3694 702 3781; x_wconf 84' lang='lat' dir='ltr'><strong>Cumque</strong></span> <span class='ocrx_word' id='word_1_132' title='bbox 733 3697 777 3763; x_wconf 87' lang='lat' dir='ltr'><strong>ad</strong></span> <span class='ocrx_word' id='word_1_133' title='bbox 804 3697 1006 3781; x_wconf 89' lang='lat' dir='ltr'><strong>speluncam</strong></span> <span class='ocrx_word' id='word_1_134' title='bbox 1030 3699 1286 3781; x_wconf 87' lang='lat' dir='ltr'><strong>pervenissent,</strong></span> 
     </span>
     <span class='ocr_line' id='line_1_21' title="bbox 71 3797 1285 3886; baseline 0.001 -21"><span class='ocrx_word' id='word_1_135' title='bbox 71 3800 173 3865; x_wconf 81' lang='lat' dir='ltr'><strong>dixit</strong></span> <span class='ocrx_word' id='word_1_136' title='bbox 194 3798 309 3863; x_wconf 90' lang='lat' dir='ltr'><strong>Maria</strong></span> <span class='ocrx_word' id='word_1_137' title='bbox 330 3797 499 3881; x_wconf 89' lang='lat' dir='ltr'><strong>Ioseph0‚</strong></span> <span class='ocrx_word' id='word_1_138' title='bbox 524 3799 657 3865; x_wconf 88' lang='lat' dir='ltr'><strong>instare</strong></span> <span class='ocrx_word' id='word_1_139' title='bbox 679 3800 748 3865; x_wconf 89' lang='lat' dir='ltr'><strong>sibi</strong></span> <span class='ocrx_word' id='word_1_140' title='bbox 770 3805 906 3883; x_wconf 88' lang='lat' dir='ltr'><strong>tempus</strong></span> <span class='ocrx_word' id='word_1_141' title='bbox 928 3800 1090 3884; x_wconf 87' lang='lat' dir='ltr'><strong>pariendi</strong></span> <span class='ocrx_word' id='word_1_142' title='bbox 1111 3822 1225 3886; x_wconf 88' lang='lat' dir='ltr'><strong>neque</strong></span> <span class='ocrx_word' id='word_1_143' title='bbox 1248 3821 1285 3866; x_wconf 92' lang='lat' dir='ltr'><strong>se</strong></span> 
     </span>
     <span class='ocr_line' id='line_1_22' title="bbox 73 3901 1309 3989; baseline -0.002 -20"><span class='ocrx_word' id='word_1_144' title='bbox 73 3922 187 3989; x_wconf 82' lang='lat' dir='ltr'><strong>posse</strong></span> <span class='ocrx_word' id='word_1_145' title='bbox 210 3902 247 3967; x_wconf 94' lang='lat' dir='ltr'><strong>in</strong></span> <span class='ocrx_word' id='word_1_146' title='bbox 268 3901 391 3967; x_wconf 88' lang='lat' dir='ltr'><strong>urbem</strong></span> <span class='ocrx_word' id='word_1_147' title='bbox 407 3901 599 3985; x_wconf 84' lang='lat' dir='ltr'><strong>proficisci;</strong></span> <span class='ocrx_word' id='word_1_148' title='bbox 623 3903 700 3985; x_wconf 83' lang='lat' dir='ltr'><strong>sed,</strong></span> <span class='ocrx_word' id='word_1_149' title='bbox 722 3902 840 3986; x_wconf 89' lang='lat' dir='ltr'><strong>Hanc,</strong></span> <span class='ocrx_word' id='word_1_150' title='bbox 862 3903 993 3988; x_wconf 91' lang='lat' dir='ltr'><strong>inquit,</strong></span> <span class='ocrx_word' id='word_1_151' title='bbox 1016 3904 1219 3988; x_wconf 89' lang='lat' dir='ltr'><strong>speluncam</strong></span> <span class='ocrx_word' id='word_1_152' title='bbox 1235 3904 1309 3968; x_wconf 91' lang='lat' dir='ltr'><strong>in·&#39;</strong></span> 
     </span>
    </p>

    <p class='ocr_par' dir='ltr' id='par_1_8' title="bbox 79 4003 1286 4090">
     <span class='ocr_line' id='line_1_23' title="bbox 79 4003 1286 4090; baseline 0 -18"><span class='ocrx_word' id='word_1_153' title='bbox 79 4016 226 4072; x_wconf 87' lang='lat' dir='ltr'><strong>tremus.</strong></span> <span class='ocrx_word' id='word_1_154' title='bbox 261 4003 342 4070; x_wconf 91' lang='lat' dir='ltr'><strong>Hoc</strong></span> <span class='ocrx_word' id='word_1_155' title='bbox 358 4005 489 4070; x_wconf 84' lang='lat' dir='ltr'><strong>factum</strong></span> <span class='ocrx_word' id='word_1_156' title='bbox 510 4011 564 4070; x_wconf 87' lang='lat' dir='ltr'><strong>est</strong></span> <span class='ocrx_word' id='word_1_157' title='bbox 580 4026 656 4070; x_wconf 88' lang='lat' dir='ltr'><strong>cum</strong></span> <span class='ocrx_word' id='word_1_158' title='bbox 674 4006 726 4071; x_wconf 88' lang='lat' dir='ltr'><strong>sol</strong></span> <span class='ocrx_word' id='word_1_159' title='bbox 744 4006 937 4072; x_wconf 89' lang='lat' dir='ltr'><strong>occidebat.</strong></span> <span class='ocrx_word' id='word_1_160' title='bbox 974 4005 1148 4090; x_wconf 86' lang='lat' dir='ltr'><strong>Iosephus</strong></span> <span class='ocrx_word' id='word_1_161' title='bbox 1168 4011 1286 4073; x_wconf 91' lang='lat' dir='ltr'><strong>autem</strong></span> 
     </span>
    </p>
   </div>
   <div class='ocr_carea' id='block_1_8' title="bbox 85 4213 1286 4537">
    <p class='ocr_par' dir='ltr' id='par_1_9' title="bbox 85 4213 1286 4537">
     <span class='ocr_line' id='line_1_24' title="bbox 152 4213 1286 4280; baseline 0.001 -16"><span class='ocrx_word' id='word_1_162' title='bbox 152 4214 175 4264; x_wconf 82' lang='lat'><strong>1.</strong></span> <span class='ocrx_word' id='word_1_163' title='bbox 193 4230 264 4278; x_wconf 69' lang='lat' dir='ltr'><strong>quem</strong></span> <span class='ocrx_word' id='word_1_164' title='bbox 279 4215 418 4277; x_wconf 53' lang='lat' dir='ltr'><strong>peperoli.-</strong></span> <span class='ocrx_word' id='word_1_165' title='bbox 443 4214 494 4262; x_wconf 88' lang='lat' dir='ltr'><strong>hcc</strong></span> <span class='ocrx_word' id='word_1_166' title='bbox 513 4214 573 4262; x_wconf 84' lang='lat' dir='ltr'><strong>Ioco</strong></span> <span class='ocrx_word' id='word_1_167' title='bbox 592 4213 633 4262; x_wconf 75' lang='grc' dir='ltr'><strong>ΡΙ.</strong></span> <span class='ocrx_word' id='word_1_168' title='bbox 655 4218 684 4263; x_wconf 86' lang='lat' dir='ltr'><strong>et</strong></span> <span class='ocrx_word' id='word_1_169' title='bbox 700 4214 753 4263; x_wconf 82' lang='lat' dir='ltr'><strong>ism</strong></span> <span class='ocrx_word' id='word_1_170' title='bbox 769 4219 851 4265; x_wconf 73' lang='lat' dir='ltr'><strong>antea</strong></span> <span class='ocrx_word' id='word_1_171' title='bbox 868 4214 925 4266; x_wconf 66' lang='lat' dir='ltr'><strong>Sti.</strong></span> <span class='ocrx_word' id='word_1_172' title='bbox 960 4215 1039 4280; x_wconf 82' lang='lat' dir='ltr'><strong>Apud</strong></span> <span class='ocrx_word' id='word_1_173' title='bbox 1057 4216 1129 4266; x_wconf 74' lang='lat' dir='ltr'><strong>&#39;fnit</strong></span> <span class='ocrx_word' id='word_1_174' title='bbox 1148 4219 1211 4280; x_wconf 80' lang='lat' dir='ltr'><strong>post</strong></span> <span class='ocrx_word' id='word_1_175' title='bbox 1227 4216 1286 4280; x_wconf 70' lang='lat' dir='ltr'><strong>Eyo</strong></span> 
     </span>
     <span class='ocr_line' id='line_1_25' title="bbox 85 4303 193 4352; baseline 0.009 -1"><span class='ocrx_word' id='word_1_176' title='bbox 85 4303 110 4351; x_wconf 82' lang='lat' dir='ltr'><strong>le</strong></span> <span class='ocrx_word' id='word_1_177' title='bbox 130 4304 193 4352; x_wconf 72' lang='lat' dir='ltr'><strong>‘un</strong></span> 
     </span>
     <span class='ocr_line' id='line_1_26' title="bbox 112 4309 1286 4450; baseline -0.002 -13"><span class='ocrx_word' id='word_1_178' title='bbox 112 4309 188 4437; x_wconf 71' lang='lat' dir='ltr'><strong>g¹tII.</strong></span> <span class='ocrx_word' id='word_1_179' title='bbox 213 4386 381 4450; x_wconf 73' lang='lat' dir='ltr'><strong>Hocfcctam</strong></span> <span class='ocrx_word' id='word_1_180' title='bbox 393 4410 402 4422; x_wconf 94' lang='lat'>·</span> <span class='ocrx_word' id='word_1_181' title='bbox 415 4409 425 4422; x_wconf 92' lang='lat'><strong>·</strong></span> <span class='ocrx_word' id='word_1_182' title='bbox 438 4385 582 4449; x_wconf 57' lang='lat' dir='ltr'><strong>reddebat:</strong></span> <span class='ocrx_word' id='word_1_183' title='bbox 600 4386 639 4435; x_wconf 79' lang='lat' dir='ltr'><strong>ita</strong></span> <span class='ocrx_word' id='word_1_184' title='bbox 652 4386 692 4435; x_wconf 76' lang='lat' dir='ltr'><strong>Ill.</strong></span> <span class='ocrx_word' id='word_1_185' title='bbox 716 4385 794 4450; x_wconf 81' lang='lat' dir='ltr'><strong>Apud</strong></span> <span class='ocrx_word' id='word_1_186' title='bbox 807 4386 864 4436; x_wconf 75' lang='lat' dir='ltr'><strong>Sila</strong></span> <span class='ocrx_word' id='word_1_187' title='bbox 877 4392 906 4438; x_wconf 87' lang='lat' dir='ltr'><strong>et</strong></span> <span class='ocrx_word' id='word_1_188' title='bbox 917 4388 989 4438; x_wconf 76' lang='lat' dir='ltr'><strong>&#39;l&#39;hll-</strong></span> <span class='ocrx_word' id='word_1_189' title='bbox 1001 4392 1046 4439; x_wconf 80' lang='lat' dir='ltr'><strong>ast</strong></span> <span class='ocrx_word' id='word_1_190' title='bbox 1057 4387 1106 4438; x_wconf 76' lang='lat' dir='ltr'><strong>Sol</strong></span> <span class='ocrx_word' id='word_1_191' title='bbox 1117 4391 1199 4437; x_wconf 72' lang='lat' dir='ltr'><strong>aetem</strong></span> <span class='ocrx_word' id='word_1_192' title='bbox 1207 4401 1286 4449; x_wconf 78' lang='lat' dir='ltr'><strong>prae·</strong></span> 
     </span>
     <span class='ocr_line' id='line_1_27' title="bbox 87 4470 460 4537; baseline 0 -18"><span class='ocrx_word' id='word_1_193' title='bbox 87 4473 179 4537; x_wconf 75' lang='lat' dir='ltr'><strong>repaire</strong></span> <span class='ocrx_word' id='word_1_194' title='bbox 192 4486 308 4521; x_wconf 76' lang='lat' dir='ltr'><strong>orcarum</strong></span> <span class='ocrx_word' id='word_1_195' title='bbox 313 4470 460 4534; x_wconf 69' lang='lat' dir='ltr'><strong>serebatur.</strong></span> 
     </span>
    </p>
   </div>
   <div class='ocr_carea' id='block_1_9' title="bbox 0 0 1453 5062">
    <p class='ocr_par' dir='ltr' id='par_1_10' title="bbox 0 0 1453 5062">
     <span class='ocr_line' id='line_1_28' title="bbox 0 0 1453 5062; baseline 0 0"><span class='ocrx_word' id='word_1_196' title='bbox 0 0 1453 5062; x_wconf 95' lang='lat' dir='ltr'><strong> </strong></span> 
     </span>
    </p>
   </div>
  </div>
 </body>
</html>
