2896 5062
190 351 230 415 62
387 350 720 402 assumo-namnam
740 348 980 401 nunnonnmn.
1008 348 1081 400 cun.
1100 350 1132 399 ιι.
1151 349 1198 400 v1.

699 549 819 617 Canon
842 549 885 618 V.

277 688 376 754 Tunc
391 687 498 753 Anna
520 689 656 772 repleta
677 690 802 772 spiritu
827 694 947 753 sanato
969 688 1006 751 in
1028 692 1219 769 conspeetu
1241 689 1419 753 omnium

191 792 293 857 dixit:
317 790 491 855 Dominus
515 792 601 855 deus
623 793 838 856 exercituum
860 811 991 854 memor
1012 789 1125 856 faetus
1148 794 1204 854 est
1223 790 1318 854 verbi
1342 794 1412 856 sui

192 902 227 959 et
236 896 388 959 visitavit
404 893 543 976 plebem
560 895 868 959 snamvisitatione
886 898 1008 957 sancta
1024 913 1097 974 sua,
1114 898 1154 956 ut
1168 898 1294 976 gentes
1305 914 1408 976 quae

191 997 422 1080 insurgebant
443 997 480 1059 in
497 1016 560 1060 nos
577 995 740 1062 humiliet
762 1004 797 1062 et
814 1001 993 1061 convertat
1014 995 1057 1060 ad
1075 1016 1111 1059 se
1130 995 1238 1060 corda
1259 1016 1405 1060 eorum:

191 1101 330 1183 aperuit
346 1119 448 1163 aures
466 1120 546 1163 suas
563 1099 727 1181 precibus
744 1101 890 1183 nostris,
915 1105 950 1163 et
967 1099 1116 1164 exclusit
1131 1120 1152 1163 a
1167 1098 1270 1163 nobis
1287 1098 1406 1164 insul·

191 1200 344 1267 tationes
366 1201 586 1266 inimieorum
610 1208 817 1267 nostrorum.
857 1200 997 1268 Sterilis
1020 1200 1114 1265 iacta
1134 1208 1188 1265 est
1210 1206 1337 1283 mater,
1366 1208 1406 1266 et

191 1307 315 1390 genuit
330 1304 580 1369 exultationem
598 1304 814 1369 etlaetitiam
829 1306 866 1368 in
876 1304 999 1369 Israel.
1023 1302 1251 1385 Eccepotero
1269 1302 1405 1368 offerre

191 1429 336 1473 munera
352 1406 509 1487 domina,
531 1415 566 1471 et
582 1429 652 1472 nou
668 1415 836 1491 poterunt
851 1430 872 1473 a
887 1428 940 1472 mo
957 1407 1143 1491 prohibere
1163 1405 1299 1472 inimici
1312 1406 1407 1472 mei.

189 1509 363 1576 Dominus
382 1514 560 1574 convertat
576 1510 682 1575 corda
705 1531 823 1574 eorum
841 1510 884 1575 ad
901 1530 969 1595 me,
994 1517 1029 1574 et
1045 1508 1106 1574 det
1125 1509 1209 1573 mihi
1227 1508 1407 1593 gaudium

193 1613 452 1694 sempiternum.

688 1747 809 1814 Oneon
832 1748 895 1816 VI,

280 1884 393 1950 ¹Erat
414 1892 529 1949 autem
550 1885 666 1951 Maria
686 1888 723 1950 in
744 1885 974 1950 admiratione
998 1885 1091 1948 omni
1112 1884 1255 1967 populo.
1293 1883 1408 1969 Quae

193 2008 269 2051 oum
292 1989 396 2052 trium
420 1995 514 2052 esset
535 2009 719 2070 annorum,
744 1991 796 2053 ita
820 1993 954 2053 maturo
980 2007 1102 2069 gressu
1131 1986 1337 2053 ambulabat
1369 1983 1411 2043 ei

192 2089 447 2171 perfectissime
465 2090 676 2174 loquebatur
698 2099 733 2155 et
752 2092 789 2155 in
807 2091 862 2155 dei
882 2090 1046 2155 laudibus
1064 2089 1244 2172 studebat,
1268 2097 1409 2154 utnon

261 2264 291 2310 V.
331 2264 398 2312 Tune
418 2290 427 2301 ·
445 2265 515 2328 pleb.
537 2282 607 2315 uuam
630 2267 674 2328 (cn
693 2266 814 2331 populum
834 2264 916 2327 auunn)
935 2290 943 2301 ·
962 2270 1052 2314 sancta
1072 2281 1120 2314 aua
1139 2270 1171 2314 ut
1192 2278 1262 2324 cnm
1292 2280 1309 2315 n
1329 2250 1415 2328 pouss

191 2349 253 2398 deus
264 2349 317 2398 add
330 2351 497 2413 onmipotens,
516 2356 586 2400 tum:
604 2368 696 2401 mentor
707 2353 794 2408 factm
804 2351 875 2400 uerbi
891 2352 931 2400 eui
943 2352 989 2400 uis.
1001 2351 1067 2414 pleb.
1080 2366 1150 2399 suam
1168 2351 1194 2398 in
1207 2351 1273 2400 bona
1285 2352 1347 2401 uiuit.
1360 2326 1424 2413 σι,

191 2440 295 2491 sanota5
315 2436 380 2484 itam
399 2448 416 2484 Β
428 2436 536 2485 Domine
553 2437 614 2486 deuo
632 2439 750 2502 omnipot.
769 2438 813 2501 qui
824 2451 883 2485 eran
899 2441 925 2485 et
937 2437 980 2500 qui
996 2451 1036 2493 eu,
1053 2437 1222 2500 manufactae
1237 2453 1264 2485 ee
1276 2437 1340 2486 uerbi
1349 2438 1388 2482 tc
1395 2419 1428 2462 Ι

191 2521 275 2569 saneti
286 2525 312 2568 et
324 2521 446 2569 aistitauti
454 2522 523 2585 pleb.
536 2527 605 2571 tuam
616 2524 643 2571 in
655 2523 720 2571 bona
731 2524 777 2571 vie.
790 2527 816 2570 et
826 2527 917 2570 emunata
931 2521 935 2586 Ι
949 2526 978 2570 ut
987 2526 1074 2584 yeme
1087 2526 1129 2570 otc
1143 2525 1218 2580 nt1e3
1238 2523 1302 2572 itum
1315 2537 1331 2570 a
1342 2536 1352 2568 ι

192 2606 261 2653 cord.
275 2622 359 2655 eoa-nun
371 2607 485 2656 bumiliet
502 2614 527 2656 et
544 2610 578 2656 ad
594 2624 717 2665 aecana,
738 2609 803 2657 item
817 2620 832 2656 c
845 2608 893 2656 sed
906 2623 949 2656 eor
961 2623 1046 2656 nomon
1056 2607 1091 2654 ud
1103 2622 1141 2662 ue,·
1159 2606 1225 2655 item
1238 2620 1257 2655 Β
1271 2606 1319 2656 sed
1330 2583 1438 2670 pond

191 2693 218 2739 in
230 2707 275 2740 nos
287 2692 377 2756 pergit
389 2693 415 2740 in
426 2693 569 2743 bumilitate
579 2695 659 2743 cordo
670 2710 754 2743 eormn
764 2697 984 2749 converterentur5
1000 2705 1018 2740 Β
1027 2707 1090 2741 varo
1103 2696 1132 2739 ut
1144 2696 1303 2741 conuerteret
1315 2691 1382 2741 eorda

188 2777 300 2838 acutium
312 2777 466 2826 adsalutem
478 2785 503 2827 et
514 2781 661 2828 excluderes
673 2780 842 2828 exultationes
853 2794 940 2826 euenum
950 2776 1011 2838 (sio)
1022 2777 1065 2840 qui
1076 2793 1126 2826 nan
1138 2777 1304 2825 crediderunt
1316 2776 1320 2841 Ι
1334 2793 1383 2840 ope

190 2863 244 2910 ruit
256 2865 300 2910 etc
313 2866 343 2910 ut
355 2873 400 2921 on,
418 2863 482 2912 item
496 2864 578 2928 (oper.
592 2871 656 2914 unte
669 2881 745 2913 auree
757 2862 872 2927 ponens)
884 2877 918 2921 u;
938 2877 953 2910 ιι
966 2878 1037 2925 uper,
1051 2866 1133 2911 autem
1144 2862 1206 2910 deus
1219 2877 1276 2910 aur.
1288 2878 1347 2910 eune
1357 2862 1386 2910 ad

189 2962 279 3011 preces
289 2951 405 3004 nostraa-
417 2962 435 2996 Β
445 2951 571 3012 aperuisti
582 2967 639 2999 our.
653 2956 711 2998 tuas
719 2966 762 3014 pr.
775 2966 815 2999 no.
830 2948 834 3014 Ι
848 2953 874 2998 et
883 2948 911 3011 (n
922 2946 975 3009 om)
985 2947 1049 2995 exet.
1062 2964 1080 2995 a
1090 2947 1162 2995 nabab
1173 2945 1202 3008 (Δ
1213 2946 1267 2995 add
1276 2946 1389 3009 mim)

192 3032 307 3081 inmittat.
321 3031 452 3096 (nexuit.)
466 3035 510 3081 ini.
524 3040 602 3084 nostr.
616 3048 648 3084 nt
660 3048 746 3084 cnut:
765 3049 782 3084 Β
795 3050 838 3084 om
850 3033 853 3098 Ι
869 3033 994 3083 Sterilnb·
1009 3033 1035 3081 in
1048 3032 1078 3094 (n
1091 3031 1144 3094 om)
1157 3033 1209 3080 Iar.
1226 3038 1258 3081 ut
1270 3045 1357 3091 ΑοΒις
1372 3044 1389 3079 Β

192 3118 367 3181 quaesuerom
379 3120 490 3176 amita,
508 3122 675 3185 matersaeta
685 3136 751 3178 euna,¹
765 3121 843 3169 exult.
856 3126 881 3169 et
893 3120 953 3168 laet.
964 3119 1040 3181 genui
1048 3117 1145 3182 populo
1158 3118 1185 3166 in
1197 3117 1248 3166 Iun.
1263 3115 1268 3183 Ι
1282 3118 1352 3167 ane
1361 3117 1390 3179 (Β

192 3202 245 3251 add
264 3201 326 3264 iam)
335 3208 427 3267 potero
441 3230 448 3240 -
461 3205 560 3254 domino
574 3205 604 3268 (Β
616 3206 709 3254 domin.
721 3207 768 3256 cleo
779 3205 843 3268 meo)
856 3210 887 3254 ut
899 3217 968 3265 cnn3
987 3216 1024 3253 ΑΒ
1037 3204 1106 3252 Eece
1114 3204 1203 3266 potita
1214 3219 1282 3252 mun.
1301 3203 1391 3270 offam

191 3289 256 3336 dom.
270 3303 322 3336 meo
339 3284 343 3353 Ι
363 3294 388 3337 et
400 3305 449 3338 non
457 3295 580 3353 poterunt
591 3289 639 3351 (nn
648 3290 798 3354 potuerunt)
817 3308 834 3339 a
850 3291 877 3352 (ιι
890 3290 945 3353 οιιι)
961 3306 999 3339 nne
1008 3289 1143 3353 probibere
1155 3287 1183 3350 (Β
1191 3288 1337 3352 probibent)
1349 3289 1391 3337 iai.

191 3374 252 3421 mei:
271 3384 307 3421 co
326 3378 352 3422 et
368 3391 448 3437 quare
465 3392 502 3423 me
516 3375 652 3438 probibere
663 3376 781 3424 uolebant
793 3376 823 3439 (Β
835 3376 982 3437 noluerunt)
997 3375 1042 3423 ini.
1054 3375 1102 3423 mei
1121 3372 1125 3439 Ι
1144 3374 1269 3423 Dominus
1280 3380 1313 3423 ut
1326 3386 1392 3424 cm:

191 3472 227 3507 ιιι
240 3461 325 3514 Deua·
343 3472 376 3508 cn
389 3461 442 3509 add
455 3462 527 3517 enirn,
541 3473 577 3509 nn
589 3466 680 3519 numm,
699 3462 739 3510 nil
752 3462 805 3511 udd
818 3475 836 3510 n
850 3461 853 3526 Ι
870 3465 1001 3512 convalet
1013 3459 1190 3522 (u'couvertit)
1204 3459 1286 3508 eorda
1298 3458 1326 3521 (Δ
1339 3458 1393 3522 aar)

191 3561 276 3594 eorum
285 3548 320 3595 ad
328 3563 366 3595 me
378 3551 410 3594 ut
419 3558 474 3595 ΒΒΔ
484 3564 490 3591 ι
504 3557 537 3595 οΒ
546 3547 641 3595 avertit
653 3546 681 3608 (c
693 3547 795 3610 evertit)
808 3563 850 3597 eon
862 3564 879 3596 a
887 3563 924 3595 nne
938 3546 942 3613 Ι
956 3552 981 3595 et
993 3547 1036 3595 det
1048 3546 1076 3607 (Β
1086 3545 1188 3609 detque)
1199 3545 1261 3593 mibi
1274 3543 1305 3607 (Β
1315 3545 1394 3602 nobit,

192 3641 208 3676 Β
222 3631 274 3693 οιιι)
285 3633 364 3694 quud.
383 3647 458 3694 semp.
476 3631 505 3693 (Β
515 3632 594 3695 ραιιᾱ.
611 3648 682 3682 nuum
698 3631 856 3696 cognoscere)
874 3639 905 3681 ut
923 3629 1000 3694 n(n):
1019 3643 1072 3680 nan
1090 3634 1115 3679 et
1132 3630 1160 3691 (Δ
1173 3629 1227 3679 odd
1240 3629 1308 3693 ipen)
1324 3630 1395 3680 dedit

192 3716 251 3762 mibi
260 3718 338 3778 μακά.
351 3719 493 3780 ιιιιιρὶέονιι.

262 3800 306 3858 v1,
327 3804 349 3850 1.
374 3814 391 3849 Β
405 3805 430 3850 in
442 3804 630 3867 enupeotatione
643 3802 647 3868 Ι
662 3806 728 3853 omni
735 3804 832 3867 populo
845 3801 892 3864 (ΑΒ
905 3802 958 3852 add
970 3802 1068 3863 Israel)
1080 3805 1112 3850 nt
1124 3813 1212 3851 anun:
1232 3796 1391 3865 nomnibus!

195 3885 266 3946 Quae
289 3892 320 3936 ut
333 3900 400 3935 nnn:
421 3899 457 3937 cn
470 3890 530 3951 quia
544 3887 547 3953 Ι
568 3890 658 3938 trium.-
674 3902 691 3936 Β
709 3888 739 3938 V.
757 3886 761 3954 Ι
781 3890 819 3938 ita
831 3888 879 3951 (nn
892 3893 952 3947 tarn,
965 3900 1001 3938 cn
1015 3886 1068 3949 om)
1081 3891 1142 3936 mat.
1153 3902 1235 3950 areae.
1248 3886 1396 3936 ambulabat

192 3971 221 4032 (Β
235 3971 391 4034 incedebat).·
403 3973 442 4022 itu
455 3985 546 4022 ΒΒΒΒΒ
560 3970 564 4037 Ι
579 3979 603 4023 et
612 3976 757 4040 perfectius.
770 3988 854 4038 nuqua
867 3975 1000 4024 insistebat
1011 3979 1042 4023 ut
1054 3985 1083 4022 Βι
1097 3984 1133 4022 on
1146 3976 1171 4021 et
1183 3973 1221 4020 ita
1230 3973 1303 4036 μή.
1316 3975 1344 4020 in
1354 3973 1396 4022 dei

192 4057 310 4106 latudibuu
324 4059 489 4120 pemanebat
501 4057 531 4119 (Β
544 4059 663 4120 uacabat)
682 4065 710 4109 ut
721 4076 804 4108 omnen
823 4060 854 4121 (n
867 4059 920 4109 add
931 4059 1000 4122 bine)
1016 4063 1119 4123 stupore
1137 4062 1163 4107 et
1180 4057 1353 4107 admiratione
1364 4058 1394 4121 (Β

192 4142 244 4192 add
257 4141 291 4203 ei)
304 4143 471 4202 subducerent,
484 4144 544 4207 quia
555 4159 605 4193 non
617 4144 647 4207 (n
661 4145 713 4194 add
725 4146 765 4208 ut)
777 4145 909 4209 insmntula
917 4146 1068 4210 putabatur,
1080 4144 1124 4194 sed
1137 4143 1168 4206 (Β
1178 4143 1231 4193 add
1240 4143 1280 4206 ut)
1292 4159 1396 4208 maana,

191 4233 216 4276 et
229 4229 302 4291 quani
319 4230 378 4292 tria.
397 4229 447 4277 iam
459 4228 485 4291 (c
499 4232 572 4292 quasi
587 4232 639 4279 ium
647 4231 738 4294 plena)
752 4247 882 4289 annorum,
895 4233 934 4280 ita
946 4231 976 4293 (Β
989 4230 1043 4280 add
1055 4229 1095 4291 ut)
1108 4229 1135 4278 in
1146 4229 1263 4279 oratione
1275 4230 1394 4279 emate-

192 4314 248 4368 bat;
267 4326 284 4362 n
298 4318 349 4361 tam
358 4316 428 4379 perf.
438 4314 587 4378 loquebatur
599 4320 699 4379 tamque
710 4317 812 4366 assidue
829 4317 856 4365 in
867 4317 910 4365 dei
922 4316 1040 4365 laudibus
1051 4316 1160 4365 uacabat
1176 4319 1206 4363 ut
1222 4330 1307 4364 omnes
1318 4331 1396 4379 super

191 4415 222 4447 ea
238 4404 369 4463 stuperent
386 4405 411 4448 et
429 4400 633 4459 admirarentur,
652 4407 677 4451 et
688 4403 750 4466 quia
760 4417 811 4451 non
822 4401 954 4467 infantula
962 4402 1106 4466 putabatur
1117 4417 1182 4459 esee,
1201 4401 1246 4450 aed
1260 4405 1291 4450 ut
1303 4401 1397 4450 adulta

192 4486 266 4548 quasi
277 4501 400 4534 annorum
413 4486 529 4548 triginta,
542 4487 581 4535 itu
593 4488 706 4537 orationi
718 4487 858 4536 insistebat.
884 4486 1016 4538 Similiter
1027 4499 1045 4536 Β
1057 4487 1105 4537 aad
1118 4487 1201 4537 habet
1212 4492 1322 4537 tuntum
1333 4501 1394 4537 een·
