2880 5062
387 107 553 158 msronm
571 106 724 158 rossem.
751 105 825 160 cnr.
844 111 924 162 ιιι
943 111 1037 160 xxva
1250 109 1311 172 135

114 256 236 340 (Haec)
260 257 321 322 ubi
347 257 556 323 audiverunt
580 257 684 323 liberi
706 259 782 323 eius
804 281 857 326 me
881 260 1083 344 loquentem
1103 281 1181 326 cum
1201 266 1311 327 matre

116 381 191 426 mea
205 361 336 444 virgine
353 382 452 444 pura,
475 366 712 445 cognoverunt
729 383 806 427 eum
822 365 890 427 iam
907 364 1114 446 exspirasse,
1136 363 1312 429 admixtis-

119 484 181 548 que
200 463 350 529 lacrimis
367 457 556 530 eiularuut.
586 464 670 527 Dixi
687 471 804 529 autem
822 466 910 530 illis:
936 465 1066 550 Utique
1090 487 1182 532 mors
1201 468 1311 550 patris

120 569 393 634 vestrimorsnon
406 574 460 633 est
470 568 610 633 sedvita
620 571 846 652 sempiterna:
859 571 988 635 etenim
999 569 1168 635 liberatus
1180 590 1313 634 aerum-

124 671 171 735 nis
192 671 293 736 huius
315 671 448 737 saeculi
473 671 516 736 ad
539 671 696 754 requiem
720 672 863 736 transiit
885 677 1106 755 perpetuam,
1132 679 1312 738 aeternum

128 773 326 840 duraturam.
358 775 467 840 Hisce
485 773 616 839 auditis
634 774 815 839 sciderunt
830 780 944 840 vestes
963 797 1043 840 suas
1060 774 1194 841 flentes

582 1011 703 1079 (lanus
726 1013 846 1082 XXV.

203 1170 246 1236 ut
267 1170 410 1254 quidem
431 1170 566 1236 incolae
584 1170 705 1255 (urbis)
722 1169 898 1236 Nazareth
921 1178 955 1236 et
975 1172 1108 1255 (totius)
1131 1170 1312 1237 Galilaeae

139 1276 254 1357 cognito
279 1275 437 1358 ipsorum
458 1274 601 1358 planctu
628 1274 671 1339 ad
698 1295 757 1339 eos
779 1275 993 1357 confluxere,
1020 1281 1056 1340 et
1075 1275 1246 1339 fleverunt
1270 1274 1312 1340 ab

139 1375 205 1443 bora
224 1380 330 1444 tertia
353 1399 464 1461 usque
490 1377 535 1442 ad
560 1399 696 1442 nonam.
742 1376 842 1442 Hora
866 1385 981 1443 autem
1007 1400 1100 1443 nona
1125 1398 1244 1443 omnes
1270 1377 1314 1443 ad

99 1532 101 1539 .
141 1480 312 1547 cubiculum
332 1483 408 1546 eius
425 1480 593 1566 (Iosephi)
610 1480 713 1545 simul
730 1480 922 1545 abiverunt.
958 1479 1076 1564 Atque
1095 1481 1315 1546 sustulerunt

143 1603 242 1667 corpus
258 1586 347 1666 eiuS,
364 1591 549 1668 postquam
566 1583 655 1648 illud
672 1584 861 1666 unguentis
877 1585 1085 1650 sublimibus
1103 1586 1313 1650 imbuerunt.

99 1736 102 1755 .
142 1684 199 1770 Ego
215 1711 291 1754 vero
314 1689 484 1772 precabar
507 1693 640 1770 patrem
662 1708 776 1752 meum
802 1689 960 1753 oratione
985 1689 1202 1754 caelestium:
1229 1689 1314 1754 haec

99 1790 102 1853 i
144 1789 324 1857 ebenina
348 1795 425 1876 (est)
451 1813 554 1876 quam
579 1813 682 1856 manu
704 1812 781 1856 mea
802 1793 900 1875 prius
926 1793 1063 1857 exaravi
1087 1814 1189 1874 quam
1214 1800 1313 1858 utero

99 1864 103 1965 l
144 1900 276 1973 ponerer
293 1896 430 1962 Mariae
452 1896 597 1979 virginis
617 1896 738 1960 matris
761 1917 869 1961 meae.
909 1894 1021 1962 Simul
1042 1902 1158 1961 autem
1178 1918 1219 1962 ac
1240 1917 1314 1962 eam

146 1994 248 2066 absolvi
273 2006 309 2066 et
331 1999 509 2065 enuntiavi
533 2020 649 2078 amen,
680 1999 804 2081 ingens
828 2000 1031 2082 angelorum
1051 1999 1239 2065 multitudo
1262 2021 1315 2065 ac-

99 1984 227 2167 lt
147 2102 238 2167 cessit·
231 2103 462 2187 ‚duobusque
482 2124 523 2167 ex
539 2102 611 2167 illis
627 2102 788 2168 mandavi
810 2109 850 2167 ut
864 2110 994 2169 vestem
1012 2103 1249 2188 expanderent
1265 2104 1315 2168 lu·

99 2174 232 2271 Ιιίᾶιιιι
247 2228 356 2292 eaque
374 2228 500 2290 corpus
517 2207 611 2271 senis
628 2204 808 2271 benedicti
824 2206 968 2290 Iosephi
986 2207 1218 2273 obvolverent.

571 2442 693 2512 Ouuur
717 2445 857 2514 XXVI.

208 2597 250 2667 Et
270 2601 396 2667 affatus
418 2600 607 2686 Iosephum
633 2601 719 2666 dixi:
749 2601 830 2667 Non
854 2601 1091 2667 dominabitur
1115 2602 1206 2667 inte
1229 2601 1316 2667 odor

148 2703 240 2770 mortis
257 2705 310 2770 vel
330 2704 459 2786 foetor,
482 2727 596 2790 neque
617 2705 774 2788 prodibit
795 2706 919 2770 vermis
941 2705 983 2770 de
1005 2726 1150 2788 corpore
1171 2710 1231 2771 tuo
1253 2700 1327 2770 un?

148 2816 232 2880 quan.
252 2807 332 2874 Non
343 2808 526 2892 frangetur
536 2808 578 2873 de
596 2808 839 2874 eomembrum
849 2808 902 2874 vel
920 2809 1071 2891 unicum,
1088 2830 1202 2892 neque
1219 2807 1312 2873 ullus

148 2909 307 2977 arabitur
322 2912 484 2996 incapite
501 2919 561 2978 tuo
578 2912 686 2995 pilus:
699 2933 818 3006 ¹neque
834 2913 965 2997 peribit
981 2913 1168 2997 quicquam
1184 2911 1226 2976 de
1242 2932 1314 2976 cor·

148 3021 208 3085 bore
220 3020 286 3096 tuo,
307 3037 327 3080 o
344 3016 391 3080 mi
406 3021 508 3099 pater
522 3015 684 3099 Iosepbe,
706 3015 769 3081 sed
785 3016 941 3081 manebit
961 3018 1134 3099 integrum
1151 3021 1187 3079 et
1202 3014 1314 3078 incor-
1340 3066 1348 3076 ,

148 3119 256 3194 ruptun
271 3140 382 3203 usque
399 3119 443 3184 ad
460 3121 654 3185 convivium
670 3118 765 3185 mille
782 3141 962 3185 annorum.
985 3119 1034 3183 Et
1050 3117 1210 3202 quisquis
1226 3139 1313 3182 mor-

148 3211 241 3285 lsslium
254 3243 371 3288 curam
389 3223 553 3289 babuerit
572 3223 761 3289 oblationis
779 3222 834 3288 die
851 3223 1107 3287 recordationis
1124 3228 1222 3303 tuae,
1243 3221 1312 3304 ipsi

149 3329 194 3397 lxo
211 3321 408 3390 benedicam
429 3332 464 3391 et
483 3326 675 3392 retribuam
695 3328 733 3391 in
754 3326 1025 3410 congregatione
1048 3326 1230 3407 virginum.
1265 3323 1314 3389 Et

149 3419 324 3512 lucumque
343 3428 459 3494 cibum
470 3428 609 3494 dederit
623 3430 760 3495 miseris
777 3428 991 3513 pauperibus
1007 3427 1121 3492 viduis
1139 3435 1174 3492 et
1191 3427 1312 3512 orpha·

150 3518 188 3584 nis
203 3527 238 3595 de
256 3532 373 3598 labore
396 3554 560 3598 manuum
582 3554 737 3616 suarum,
768 3533 824 3598 die
846 3555 913 3617 quo
940 3539 1002 3597 tua
1024 3531 1222 3596 celebratur
1244 3552 1312 3595 me-

150 3629 238 3714 m⁰1ia,
254 3635 469 3719 (etquidem)
486 3637 522 3700 in
539 3637 679 3701 nomine
697 3643 768 3718 tuo,
790 3657 860 3700 non
877 3635 961 3719 (ille)
979 3634 1192 3701 destituetur
1207 3634 1309 3700 bonis

151 3732 275 3803 omibus
293 3740 385 3804 vitae
407 3760 491 3804 suae
513 3738 648 3805 diebus.
691 3737 860 3823 Quisquis
884 3740 987 3803 etiam
1009 3737 1175 3821 scyphum
1197 3759 1309 3821 aquae

151 3827 256 3907 'llvini
275 3841 467 3908 bibendum
486 3841 692 3926 praebuerit
705 3843 830 3907 viduae
852 3848 914 3907 aut
933 3841 1089 3925 orphano
1112 3841 1148 3904 in
1171 3843 1310 3906 nomine

151 3929 202 4015 llo,
215 3939 292 4010 dabo
309 3947 375 4012 tibi
392 3946 490 4011 illum
507 3953 547 4011 ut
561 3947 772 4030 ingrediaris
785 3968 862 4012 cum
877 3946 939 4012 illo
957 3946 1001 4011 ad
1013 3946 1205 4011 convivium
1215 3946 1310 4011 mille

152 4046 292 4114 ‘luorum
333 4048 527 4133 Omnisque
544 4050 646 4115 bomo
664 4052 721 4115 cui
738 4072 841 4116 curae
859 4053 926 4116 erit
942 4051 1049 4116 oblat
1025 4057 1074 4116 tro
1092 4050 1148 4114 die
1167 4070 1310 4114 comme-

152 4147 317 4219 montionis
334 4153 452 4235 tuae,
443 4174 512 4236 rpsr
503 4152 733 4218 'benedicam
750 4159 785 4218 et
795 4161 994 4219 remunera
996 4175 1111 4219 ionem
1121 4152 1308 4237 praestabo

152 4253 523 4342 111θοοίοιίιιιιιςιιιιιιιη
545 4257 688 4323 reddam
704 4258 901 4342 (inquam)
892 4259 960 4342 1psi
983 4279 1044 4342 pro
1066 4277 1136 4322 uno
1152 4256 1308 4339 triginta,
