2880 5062
169 143 256 191 xm
638 125 911 178 oncinoousss.

171 285 232 358 feci
252 282 292 345 ab
314 282 448 364 Infantia
471 302 537 343 mea
560 290 627 343 nt·
650 283 682 342 in
704 301 765 364 qna
787 302 833 342 me
855 280 971 361 confido
993 280 1053 362 ipsi
1071 277 1130 341 soli
1148 281 1246 343 oioere
1267 288 1298 342 a
1318 282 1379 364 ipsi

168 393 227 457 soli
246 396 372 456 seruire:
394 402 424 455 et
443 394 476 456 in
496 394 562 477 ipso
585 393 730 477 quamdiu
751 395 856 459 vicero,
874 394 939 454 sine
953 391 1120 476 pollutione
1135 392 1332 475 permanebo.

255 504 297 568 In
326 502 450 569 edendo
478 509 590 569 sutem
618 504 666 568 ite
692 502 816 567 versati
847 523 960 567 sumus
991 508 1028 566 ut
1058 507 1185 567 textum
1213 500 1378 569 Vaticani

170 614 307 698 codicis,
336 637 433 699 quem
455 636 479 680 A
506 613 663 694 diximus,
693 613 889 697 plerumque
916 634 1144 697 sequeremur,
1175 612 1378 678 lectionibus

170 726 294 792 codicis
323 726 542 792 Laurentinni
578 727 599 790 i.
627 747 653 790 e.
685 747 720 808 s,
752 727 831 790 item
862 725 1062 791 Parisicnsis
1093 747 1180 789 num.
1203 726 1300 790 5559.
1332 724 1375 789 Α.

171 837 344 920 (cotelerii
381 843 529 921 tempore
566 859 654 902 num.
676 839 784 920 2276.)
823 838 950 903 sacculi
981 836 1080 903 XIV.
1112 836 1215 919 <opud
1247 857 1312 902 nos
1341 844 1371 920 c)

170 954 204 1015 ct
235 949 373 1016 alterius
395 949 595 1015 Parisiensis
626 970 714 1014 num.
740 950 831 1013 1652.
862 947 985 1014 sacculi
1006 948 1087 1015 XV.
1120 946 1223 1030 (opud
1251 953 1369 1029 noso)

169 1061 204 1125 in
226 1061 467 1125 commentario
491 1059 656 1125 exhibitis.
700 1060 905 1125 Posterioris
927 1060 1015 1124 enim
1035 1059 1158 1124 codicis
1172 1059 1369 1125 Perisiensis

168 1173 330 1237 lectiones
353 1171 450 1237 Thilo
472 1173 596 1255 passIm
619 1172 661 1237 sd
689 1194 784 1237 suum
813 1176 940 1236 textum
968 1171 1155 1251 adnotavit3
1186 1176 1369 1253 praeterea·

170 1304 234 1367 que
262 1282 414 1348 exhibuit
439 1284 672 1365 inscriptiones
699 1283 906 1366 singulorum
930 1304 1014 1366 quse
1041 1283 1076 1347 in
1099 1303 1137 1347 eo
1161 1280 1274 1347 codice
1297 1287 1371 1346 sunt

171 1395 318 1477 capitum
340 1394 428 1459 hunc
451 1395 485 1459 in
507 1393 654 1459 modum:

257 1507 283 1569 Ι.
314 1507 365 1570 De
381 1517 474 1591 patre
495 1517 524 1570 et
545 1517 641 1570 matre
662 1517 785 1569 sanetae
799 1504 925 1595 Mariae
941 1509 1075 1591 cirpinis.
1121 1506 1166 1569 II
1187 1506 1239 1569 De
1257 1525 1370 1568 recessu

171 1618 306 1681 Ioaobirn
321 1619 360 1682 ab
375 1619 479 1682 Anna.
526 1618 588 1683 ΙΙΙ.
609 1619 661 1682 De
682 1640 819 1702 repressa
841 1618 977 1680 Ioacbim
999 1617 1190 1681 adsdnnarn.
1236 1615 1297 1679 IV.
1322 1616 1371 1680 De

169 1739 238 1792 ortu
255 1730 359 1793 beatae
374 1731 507 1793 Mariae.
552 1731 586 1793 V.
609 1731 661 1793 De
674 1733 850 1814 pretiorum
870 1733 986 1792 aunone
999 1729 1118 1792 Annae.
1159 1728 1211 1792 VI.
1228 1728 1281 1792 De
1295 1749 1371 1791 αααι·

171 1842 358 1919 ῃιαιααίἰααα
377 1841 481 1905 beatae
495 1842 628 1905 Mariae.
682 1841 753 1905 VII
776 1842 827 1904 De
841 1851 907 1904 voto
923 1843 1105 1925 uirpInitatis
1119 1841 1224 1903 beatae
1237 1839 1372 1905 Mariae.

178 1952 268 2016 VIII.
294 1953 400 2030 Quare
414 1955 501 2016 beata
517 1954 627 2017 Maria
642 1956 801 2016 commisso
810 1955 883 2036 finit
896 1953 1012 2036 Ioseph.
1058 1952 1118 2015 IX.
1140 1952 1192 2015 De
1210 1954 1373 2015 annuntia·

171 2067 249 2127 bone
271 2065 430 2128 dominico.
476 2066 520 2129 X.
549 2066 600 2128 De
622 2068 768 2128 moestitia
791 2065 898 2149 Iosepb
919 2086 980 2147 pro
1002 2066 1090 2128 beata
1111 2061 1221 2127 Mario
1240 2062 1372 2147 prouida

170 2178 300 2239 inventa.
345 2176 406 2238 XI.
430 2177 483 2239 De
499 2176 699 2240 consolatione
717 2176 823 2260 Iosepb
834 2178 931 2258 facta
948 2198 1006 2259 per
1028 2175 1177 2260 anpelum.
1223 2173 1304 2238 XII.
1324 2174 1373 2236 De

171 2287 324 2350 calumnia
347 2288 531 2350 Iudaeorum
558 2291 589 2350 in
611 2288 718 2371 Iosepb
746 2298 775 2349 et
800 2287 886 2350 beata
913 2290 1029 2372 cirpine
1047 2289 1152 2371 sacta.
1196 2285 1296 2349 XIII
1324 2285 1373 2349 De

171 2408 302 2482 tempore
323 2409 407 2461 ortus
433 2397 548 2462 Christi
572 2409 601 2460 et
621 2400 739 2462 duabus
760 2400 963 2461 obstetricibus
985 2408 1014 2463 et
1033 2398 1209 2482 pastoribus
1230 2405 1260 2458 et
1278 2397 1372 2460 stella.

171 2509 268 2573 XIV.
291 2509 342 2572 De
356 2532 475 2595 opressa
490 2511 593 2573 beatae
607 2508 732 2573 Mariae
746 2534 766 2571 a
781 2510 923 2593 spelunca
939 2516 970 2572 in
979 2507 1194 2594 praesepioff).
1229 2508 1308 2572 XV.
1325 2508 1375 2571 De

170 2623 395 2685 circumcisione
416 2622 532 2683 domini
552 2631 581 2683 et
601 2623 730 2684 adventu
753 2643 911 2705 rnapornrn
936 2625 967 2684 in
986 2620 1157 2684 [annalem.
1204 2619 1301 2683 XVI.
1324 2620 1375 2683 De

176 2733 335 2816 Ypapanti
363 2733 485 2794 domini.
540 2732 653 2794 XVII
682 2733 733 2795 De
761 2755 829 2794 nece
853 2754 1021 2815 puerorum
1047 2742 1076 2794 et
1093 2734 1181 2816 fispa
1206 2731 1316 2816 Iosepb
1344 2735 1375 2794 in

172 2842 353 2926 Aepyptum.
399 2842 530 2904 XVIII
555 2842 712 2919 Quomodo
730 2843 815 2905 Iesus
836 2846 953 2906 sedauit
972 2844 1127 2907 dracones.
1171 2842 1269 2906 XIX.
1292 2840 1374 2921 Quo-

173 2953 260 3014 modo
283 2951 378 3014 Ieones
400 2963 428 3015 et
448 2955 546 3037 pardi
566 2953 665 3016 Iesum
687 2965 758 3016 ssent
777 2958 884 3018 secuti.
923 2955 1001 3018 XX.
1030 2956 1081 3018 De
1097 2954 1206 3038 palma
1228 2954 1376 3017 inclinata

167 3084 226 3145 per
257 3063 356 3125 Iesum
387 3086 500 3148 aquarn
532 3066 724 3148 producente.
780 3066 876 3128 XXI
910 3067 961 3129 De
990 3067 1186 3129 benedictione
1217 3066 1322 3149 palmi
1351 3075 1379 3128 et

170 3176 254 3235 rami
278 3177 341 3236 eius
367 3175 572 3238 romatiana
625 3175 740 3238 XXII
771 3177 823 3239 De
850 3178 952 3239 itinere
976 3199 1035 3260 per
1062 3177 1160 3239 Iesum
1191 3177 1375 3241 abbreviato.

171 3284 304 3347 XXIII
347 3286 503 3363 Quomodo
535 3290 669 3371 inpresso
701 3286 769 3349 Iesu
802 3290 833 3350 in
864 3289 1036 3372 Aepyptum
1067 3288 1149 3351 idola
1185 3300 1376 3353 corrnerunt.

171 3394 301 3458 XXIV.
324 3397 376 3459 De
397 3397 509 3460 bonore
531 3397 600 3460 Iesu
622 3398 749 3460 exhibito
766 3421 825 3481 per
843 3400 1043 3481 Afrodisiuni.
1088 3398 1201 3462 XXV.
1224 3399 1277 3462 De
1292 3404 1379 3485 pisce

171 3506 260 3568 arido
285 3509 364 3567 vitae
385 3511 527 3572 restituto.
572 3508 703 3571 XXVI
736 3509 787 3571 De
813 3512 877 3571 risu
906 3509 975 3571 Iesu
999 3520 1127 3593 propter
1151 3532 1294 3594 passeres
1320 3514 1385 3575 sibi

171 3618 296 3679 inuicem
324 3617 505 3682 insidiantes.
558 3619 707 3682 XXVII
739 3620 791 3681 De
816 3642 935 3704 epressu
958 3620 1025 3682 Iesu
1053 3630 1082 3682 et
1102 3620 1227 3684 Mariae
1252 3623 1289 3684 de
1311 3624 1379 3689 Ae-

168 3736 272 3812 pypto.
316 3726 484 3791 XXVIII
511 3730 563 3792 De
585 3753 666 3814 aquo
689 3730 822 3814 pluviali
842 3732 1012 3814 clorpicata
1034 3742 1063 3794 et
1083 3733 1181 3795 ἅααααι
1197 3736 1389 3816 passeribus

170 3839 208 3901 de
229 3838 290 3900 Into
301 3840 405 3921 factis
427 3842 458 3902 in
479 3840 612 3904 sabbato.
657 3841 790 3904 XXIX.
812 3842 864 3905 De
879 3842 1052 3905 Pbarisaeo
1072 3853 1189 3906 mutuo
1211 3845 1387 3909 advocent

170 3947 248 4012 Iesu.
285 3948 399 4012 XXX.
427 3951 474 4012 De
490 3971 587 4034 puero
609 3955 663 4035 qui
677 3956 830 4035 percussit
847 3952 946 4015 Iesum
968 3957 1059 4016 morti
1079 3955 1190 4017 tradito
1213 3964 1243 4017 et
1255 3958 1388 4042 quebro-

170 4059 243 4122 darn
271 4062 412 4122 caecitate
436 4060 594 4144 perculsis.
641 4061 773 4125 XXXI.
810 4063 902 4140 Quod
921 4064 1005 4126 Iesus
1027 4065 1184 4149 probibuit
1206 4065 1317 4151 Iosepb
1343 4087 1388 4131 ne

165 4191 224 4254 per
246 4172 326 4232 iram
348 4173 445 4254 ipsum
470 4181 613 4256 torperet.
659 4172 809 4236 XXXII.
840 4174 890 4236 De
912 4174 1054 4237 Zacbaw
1081 4178 1227 4260 mapsstro
1251 4176 1321 4241 Iesu
1349 4182 1384 4240 et
