2880 5062
271 368 605 420 essone-uersuum
624 370 865 422 EVANGELIUM.
893 371 967 422 CAP.
985 371 1108 423 XXXIII.
1226 370 1286 433 103

104 518 270 584 cuiusdam
288 517 424 599 domus,
449 519 597 604 contigit
618 527 657 587 ut
673 520 815 604 quidam
831 522 873 587 de
890 521 1086 587 infantibus
1108 521 1214 586 alium
1231 521 1287 586 de·

113 619 238 703 pelleret
259 621 301 686 de
326 621 454 687 solario
480 623 516 686 iu
539 628 682 705 terram,
709 630 745 688 et
765 631 922 689 mortuus
945 628 1008 688 est.
1047 623 1194 688 Etcum
1216 646 1286 689 nou

114 721 258 788 vidissent
274 729 438 807 parentes
455 727 593 807 mortui,
612 727 808 792 clamabant
819 733 940 792 contra
950 726 1079 809 Ioseph
1096 727 1288 792 etMariam

116 824 261 891 diceutes:
285 826 399 892 Filius
416 834 531 893 vester
547 828 657 894 filium
667 836 825 895 nostrum
840 831 936 895 misit
951 830 986 893 iu
1001 835 1139 911 terram,
1157 835 1192 894 et
1202 850 1289 893 mor·-

114 933 177 992 tuus
195 935 255 993 est.
290 928 391 995 Iesus
408 951 487 996 vero
504 931 645 996 tacebat
667 939 702 997 et
717 932 807 996 nihil
828 933 878 996 eis
900 931 1144 1015 respondebat.
1175 931 1289 998 Vene-

116 1037 179 1095 mut
191 1038 302 1097 autem
322 1034 532 1099 festinantes
549 1035 679 1118 Ioseph
696 1042 732 1102 et
746 1035 860 1100 Maria
876 1035 920 1100 ad
937 1035 1070 1117 Iesum,
1093 1040 1128 1100 11
1143 1034 1289 1117 rogabat

115 1139 203 1198 mater
225 1156 288 1201 sua
304 1135 437 1202 dicens:
469 1136 620 1203 Domine
638 1140 699 1222 mi,
722 1137 778 1203 dic
795 1138 879 1202 mihi
901 1139 931 1203 si
952 1143 990 1202 tu
1007 1138 1134 1202 misisti
1154 1158 1232 1202 eum
1252 1137 1287 1201 in

115 1239 227 1301 terram.
266 1238 314 1303 Et
339 1241 456 1304 statim
482 1240 666 1306 descendit
690 1241 791 1307 Iesus
817 1242 859 1306 de
886 1240 1014 1305 solario
1040 1241 1229 1304 interram
1255 1245 1289 1304 et

116 1341 224 1404 vocavit
236 1361 385 1424 puerum
400 1364 464 1426 per
480 1364 606 1408 nomen
625 1365 725 1409 suum
741 1344 849 1409 Zeno.
880 1343 927 1407 ut
948 1342 1130 1425 respoudit
1149 1342 1195 1407 ei:
1219 1340 1290 1406 Do·

117 1439 197 1505 mine.
224 1443 393 1528 Dixitque
411 1445 464 1509 illi
481 1444 599 1510 Iesus:
623 1446 716 1511 Num
733 1468 797 1531 ego
813 1445 1042 1530 praecipitavi
1058 1450 1092 1510 te
1110 1447 1289 1509 interram

118 1538 301 1612 desolacio?
323 1546 375 1612 At
390 1547 450 1613 ille
468 1548 569 1613 dixit:
592 1548 627 1614 N
630 1570 685 1630 ou,
702 1549 852 1613 domine.
875 1548 924 1613 Et
938 1548 1055 1612 mirati
1072 1552 1154 1611 sunt
1168 1566 1291 1629 paren·

118 1646 156 1708 les
169 1652 259 1729 pueri
277 1652 336 1734 qui
355 1652 470 1717 fuerat
480 1657 648 1734 mortuus,
666 1658 701 1716 11
717 1650 1065 1718 honorabantIesum
1081 1648 1288 1733 superfacto

117 1745 205 1829 siguo.
225 1753 273 1817 Et
288 1748 453 1819 abierunt
469 1755 550 1820 inde
567 1754 697 1838 Ioseph
714 1761 749 1819 et
764 1753 879 1820 Maria
895 1774 973 1818 cum
988 1753 1071 1818 Iesu
1088 1752 1124 1816 in
1141 1750 1291 1817 Iericho.

524 2026 645 2094 Carus
669 2026 855 2092 XXXIII.

183 2208 262 2275 Erat
277 2218 393 2276 autem
410 2213 511 2278 Iesus
533 2234 704 2279 annorum
721 2236 796 2297 sex,
820 2221 855 2280 et
871 2214 966 2279 misit
986 2213 1086 2278 illum
1102 2218 1213 2276 mater
1229 2231 1292 2275 sua

118 2322 177 2372 11111
200 2312 317 2396 hydria
348 2315 391 2379 ad
417 2316 550 2381 iontem
575 2317 714 2383 haurire
740 2339 865 2402 aquam
892 2338 969 2382 cum
994 2316 1200 2382 infantibus.
1245 2314 1294 2377 Et

118 2414 240 2497 contigit
254 2425 440 2502 postquam
457 2420 575 2485 hausit
590 2441 725 2505 aquam,
749 2428 789 2486 ut
805 2421 946 2505 quidam
963 2443 1004 2486 ex
1020 2419 1216 2485 infantibus
1232 2418 1293 2481 im·

119 2522 228 2596 legerit
248 2543 326 2587 eum
349 2530 384 2587 et
405 2526 690 2607 conquassaverit
710 2525 867 2608 hydriam
889 2531 924 2590 et
944 2525 1090 2607 fregerit
1110 2543 1195 2587 eam.
1241 2519 1291 2584 At

119 2606 197 2686 lesus
213 2626 377 2709 expandit
392 2627 538 2709 pallium
550 2649 617 2711 quo
635 2628 809 2710 utebatur,
828 2635 863 2694 et
879 2629 1035 2711 suscepit
1050 2628 1087 2691 iu
1102 2624 1210 2708 pallio
1227 2645 1289 2689 suo

119 2716 226 2790 ertum
247 2749 357 2810 aquae
376 2736 545 2812 quantum
566 2736 642 2794 erat
662 2731 698 2795 iu
715 2730 853 2814 hydria,
876 2737 911 2797 et
925 2731 1077 2815 portavit
1099 2750 1173 2794 eam
1189 2729 1291 2793 matri

120 2832 193 2889 illae.
221 2827 269 2895 At
285 2830 348 2896 illa
362 2831 485 2897 videns
501 2833 708 2915 mirahatur,
731 2840 766 2899 11
783 2834 960 2918 cogitabat
976 2836 1069 2899 iutra
1085 2854 1138 2913 se,
1161 2839 1196 2897 et
1212 2852 1291 2896 con·

120 2912 202 2993 lebet
215 2935 329 2999 omnia
345 2935 431 3000 haec
448 2935 483 2998 in
502 2934 605 3000 corde
624 2957 697 3001 suo.

122 3090 305 3119 &—

120 3189 276 3261 Μ1111111111
290 3210 412 3262 codices
425 3213 459 3262 sd
473 3219 554 3277 ceput
567 3218 688 3263 nostrum
702 3212 785 3262 xxn.
799 3213 998 3277 adscripsimus.
1019 3209 1023 3278 Ι
1043 3213 1082 3262 Et
1097 3227 1164 3275 resp.
1177 3214 1214 3261 eir
1238 3214 1291 3261 Do-

120 3280 178 3335 ''lsset
192 3292 216 3344 11
229 3296 286 3345 cod.
301 3297 431 3360 scriptum
444 3302 486 3347 est
498 3297 558 3347 tene
570 3314 619 3362 pro
631 3299 737 3348 domine.

172 3376 224 3431 111
236 3383 330 3432 codice
343 3384 436 3434 fabule
448 3384 526 3434 huius
540 3385 638 3449 cepitis
651 3385 761 3450 propius
775 3400 854 3450 quem
867 3386 902 3435 sd
915 3386 984 3436 hane
997 3387 1108 3435 formem
1127 3383 1161 3434 ed
1175 3400 1205 3434 ea
1218 3398 1291 3433 scee-

120 3444 151 3501 lll
160 3474 215 3523 quse
227 3468 316 3533 eapite
330 3468 390 3518 VII.
408 3471 542 3534 evangelii
555 3472 642 3520 nostri
655 3471 772 3521 Thomas
783 3470 876 3521 Latini
888 3472 1072 3521 continentur.
1101 3468 1142 3518 ed
1154 3471 1231 3519 illum
1243 3470 1291 3533 igi·

120 3536 153 3587 lm
161 3544 235 3601 locum
247 3554 307 3616 ipss
320 3555 401 3604 verbs
414 3555 701 3622 111111111111111111.Ι

171 3648 282 3704 xxxlll.
302 3655 422 3706 Similem
435 3657 498 3706 huic
510 3657 649 3707 historiam
661 3658 745 3707 codex
754 3671 771 3706 1
782 3658 893 3708 exhibet
902 3659 1048 3722 praemisse
1059 3657 1113 3707 slis
1123 3671 1201 3721 quem
1214 3670 1293 3704 evan·

119 3726 251 3790 11ῐί111τί
261 3741 354 3790 'I'hom-
365 3742 454 3792 Latin.
468 3743 552 3806 ospiti
564 3742 638 3791 VIII.
652 3743 804 3793 adscribere
814 3748 944 3807 praestet.
964 3743 1075 3807 Legitur
1088 3747 1177 3792 sutem
1190 3741 1228 3790 ibi
1239 3741 1291 3790 sic:

172 3821 222 3874 Ossa
237 3827 313 3877 beata
324 3828 415 3877 Maria
432 3829 541 3878 misisset
547 3829 664 3890 puellam
676 3846 748 3879 mm
760 3847 814 3878 cm
824 3830 930 3895 hydria,
948 3827 1003 3893 [et]
1015 3828 1151 3878 asceaco
1163 3827 1294 3874 mulierum

121 3895 232 3963 “sulem
244 3914 388 3962 1111111111
393 3915 505 3979 fuisset,
519 3918 630 3978 propter
637 3928 787 3975 presseram
799 3916 986 3979 smmsrartc
1005 3918 1043 3964 set
1059 3913 1152 3979 hydria
1163 3928 1237 3976 11111
1249 3912 1292 3961 do·

122 3980 190 4040 “¹5⁰⁰
202 3997 289 4057 psello
303 4003 462 4059 portaverat.
490 3999 558 4047 Ilme
572 4000 691 4063 perrexit
709 4000 781 4049 Iesus
798 4000 833 4048 ad
843 4000 957 4063 sentens,
974 3999 1089 4063 impleuit
1102 3998 1212 4061 pallium
1223 4013 1294 4046 esum

123 4076 202 4127 'iicet
213 4082 360 4133 1111111·
372 4100 440 4132 suae.
465 4085 566 4133 Deinde
578 4085 857 4149 eolliyenssraymenta
868 4083 976 4149 hydriae
989 4083 1091 4132 insimul
1102 4084 1207 4146 issyeas
1218 4082 1292 4132 certo

124 4160 156 4200 ⁸¹⁰
165 4162 271 4217 ’01111111
288 4170 326 4218 ita
338 4170 405 4234 quod
416 4171 542 4219 erismae
560 4171 587 4219 11
605 4187 636 4219 ec
652 4172 749 4234 1191111
760 4172 859 4219 minime
871 4170 1009 4219 videretur.
1037 4170 1104 4218 Itane
1116 4169 1191 4217 beata
1202 4168 1294 4217 Maria

126 4243 215 4297 “ulcis
225 4258 261 4301 est
272 4255 354 4303 Iesum
365 4256 465 4304 1111111
490 4255 643 4305 Benedictus
655 4257 690 4305 rit
701 4256 763 4304 deus
774 4256 818 4320 qui
829 4256 901 4305 sotis
913 4254 1084 4320 talemflls'ems
1095 4253 1173 4302 dedit.

178 4330 219 4382 liis
230 4351 293 4399 quse
311 4339 339 4389 in
352 4340 410 4389 cod.
423 4354 442 4389 n
456 4340 637 4404 respondent,
656 4341 717 4390 vide
730 4341 764 4390 sd
777 4356 872 4406 evang.
885 4340 978 4390 Thom.
991 4341 1052 4390 Iret.
1066 4354 1122 4402 esp.
1136 4336 1181 4386 IX.
1206 4336 1292 4385 Etiam

129 4400 343 4544 {lbdprteceduuh
362 4427 464 4490 pariter
477 4432 558 4491 etque
578 4428 606 4477 in
618 4440 650 4485 11,
669 4442 735 4492 quse
749 4443 808 4477 cum
821 4426 940 4477 eiusdem
953 4426 1016 4476 libri
1029 4441 1087 4490 esp.
1101 4422 1175 4473 VIII.
1188 4436 1294 4486 compo·

145 4503 170 4543 11
185 4512 269 4557 esunt.
