2880 5062
124 342 185 404 104
246 342 579 394 rsuuoo-sssrrflsrl
597 342 838 393 EVANGELIUM.
866 342 939 394 csP.
957 341 1077 393 XXXIV.
1095 338 1193 391 XXXV.

559 594 680 660 Csrur
703 594 882 664 XXXIV.

208 764 340 829 Iterum
357 765 505 848 quadam
523 766 578 830 die
602 767 707 831 exivit
728 768 765 831 in
781 788 901 851 agrum
923 771 958 830 et
973 764 1057 829 tulit
1071 783 1192 846 parum
1205 757 1295 825 tritici

124 865 165 930 de
183 866 306 933 horreo
324 869 443 933 matris
461 890 560 952 suae,
583 876 618 934 et
638 870 727 934 illud
748 870 823 953 ipse
844 868 1035 934 seminavit.
1066 866 1115 931 Et
1131 862 1305 930 natusest

123 977 158 1035 et
181 971 288 1035 crevit
306 976 341 1035 et
362 971 633 1054 multiplicatum
654 979 708 1037 est
730 973 843 1037 nimis.
874 972 922 1041 Et
941 972 1072 1037 factum
1093 976 1147 1035 est
1167 967 1307 1050 denique
1344 1034 1346 1043 ,

122 1079 161 1137 ut
177 1075 251 1157 ipse
269 1082 425 1154 meteret,
444 1080 479 1138 et
495 1074 639 1160 collegit
654 1075 789 1141 fructus
807 1097 848 1139 ex
865 1095 905 1140 eo
923 1082 994 1140 tres
1011 1074 1147 1153 eborea,
1164 1079 1197 1137 et
1211 1070 1315 1137 dona-

120 1177 170 1240 vit
185 1176 440 1260 multiplicibus
457 1179 540 1242 suia.

570 1398 690 1465 Carur
712 1399 871 1469 XXXV.

206 1570 272 1635 Est
286 1573 341 1636 via
352 1591 439 1653 quae
458 1572 529 1636 exit
545 1571 587 1636 de
598 1571 736 1637 Iericho
755 1570 920 1637 attendit
936 1569 979 1635 ad
989 1568 1152 1634 Iordanis
1168 1566 1325 1639 fluvium,

122 1670 182 1736 ubi
204 1675 420 1738 transierunt
444 1672 507 1737 filii
528 1673 653 1738 Israel:
681 1673 731 1737 ibi
753 1693 834 1737 arca
855 1671 1058 1737 testamenti
1079 1669 1208 1734 dicitur
1225 1684 1326 1733 rese·

122 1774 225 1838 disse.
270 1775 318 1840 Et
340 1782 414 1841 erat
436 1775 538 1841 Iesus
564 1797 733 1842 annorum
756 1782 834 1841 octo
857 1782 892 1840 et
914 1775 1019 1840 exivit
1039 1774 1081 1839 de
1103 1772 1251 1850 Iericho,
1281 1771 1328 1831 el

120 1877 195 1942 ibat
215 1877 259 1942 ad
275 1878 470 1943 Iordanem.
501 1878 549 1943 Et
572 1885 646 1944 erat
663 1901 764 1945 secus
780 1879 869 1943 viam
891 1884 1012 1961 crypta
1032 1898 1141 1961 prope
1157 1870 1328 1942 Iordanis

120 1982 230 2064 ripam
247 1981 308 2046 ubi
324 1982 448 2047 leaena
459 1982 594 2048 catulos
611 1983 806 2063 nutriebat;
824 1988 860 2046 et
875 1981 993 2046 nullus
1009 1977 1328 2064 poteratperviunr

121 2105 264 2149 securus
287 2085 475 2150 ambulare.
514 2085 670 2151 Veniens
693 2092 808 2151 autem
829 2085 931 2150 Iesus
955 2084 996 2149 de
1018 2082 1174 2164 Iericho,
1194 2096 1331 2164 cogno·

121 2207 221 2252 scens
239 2187 331 2270 quod
349 2189 384 2251 in
403 2195 522 2271 crypta
537 2188 600 2253 illa
615 2188 739 2254 leaena
754 2187 846 2254 filios
864 2209 945 2254 suos
963 2191 1181 2272 generasset,
1203 2182 1331 2248 viden-

119 2289 215 2354 tibus
232 2291 367 2355 ounctis
383 2291 542 2356 introivit
558 2292 593 2357 in
612 2313 697 2357 eam.
732 2289 783 2357 At
798 2292 858 2356 ubi
874 2291 1038 2356 viderunt
1052 2290 1175 2355 leones
1190 2287 1329 2359 lesum.

120 2400 350 2458 cucurrerunt
365 2394 396 2458 ei
413 2395 547 2459 obviam
565 2402 600 2461 et
616 2395 849 2461 adoraverunt
865 2416 953 2459 eum.
993 2394 1041 2458 Et
1056 2392 1159 2458 Iesus
1176 2386 1332 2457 sedebat

119 2496 156 2559 in
177 2516 337 2576 caverna,
364 2503 399 2561 et
419 2498 527 2562 eatuli
547 2499 688 2564 leonum
712 2498 956 2564 discurrebant
981 2499 1074 2563 eirca
1097 2494 1327 2581 poderosus,

119 2597 342 2664 blandientes
369 2620 445 2664 cum
472 2621 511 2665 eo
538 2608 573 2666 et
597 2601 771 2666 ludentes.
810 2601 948 2666 Leones
973 2622 1054 2666 vero
1081 2599 1235 2664 seniores
1258 2592 1325 2657 de·

120 2701 225 2766 misso
248 2702 361 2784 capite
385 2723 404 2765 a
426 2701 529 2785 louge
552 2703 693 2769 stabant
714 2709 749 2768 et
769 2703 1002 2769 adoraverunt
1022 2723 1114 2783 eum,
1142 2706 1178 2765 et
1198 2693 1323 2765 caudis

121 2806 194 2870 suis
210 2804 485 2871 blandiebantur
503 2814 584 2872 ante
604 2828 693 2872 eum.
730 2806 829 2872 Tune
846 2806 998 2890 populus
1016 2807 1075 2890 qui
1097 2804 1234 2886 alonge
1250 2802 1321 2863 stu·

121 2909 192 2989 bat,
211 2930 279 2971 non
296 2908 416 2973 ridens
433 2908 561 2990 Iesum,
579 2910 680 2974 dixit:
711 2910 782 2976 Hic
799 2912 866 2976 nisi
884 2911 1001 2994 gravia
1017 2909 1162 2975 lecisset
1176 2904 1320 2989 peccata

191 3117 308 3167 XXXIV.
326 3117 512 3180 multiplicibus
529 3119 595 3167 sois:
617 3119 657 3167 its
674 3119 803 3182 seriptum
822 3122 864 3167 ast
883 3118 912 3168 iu
930 3116 1067 3167 codices.
1105 3114 1145 3165 Cf.
1165 3117 1232 3167 inire
1248 3120 1312 3176 q1¹⁸⁰

121 3202 216 3251 horum
228 3203 288 3251 loco
301 3203 331 3253 iu
343 3202 402 3253 cod.
415 3204 580 3267 elegantur.
606 3201 639 3252 lu
651 3203 702 3251 hoe
715 3207 805 3252 sutem
819 3202 911 3252 codice
925 3201 1046 3266 hydrism
1060 3206 1260 3266 conqusssstsm
1272 3207 1307 3243 οἱ·

121 3287 227 3351 cipiunt
245 3289 414 3337 narrationes
433 3288 467 3337 de
484 3303 574 3338 morsu
591 3289 699 3352 viperae
718 3290 747 3338 st
760 3287 794 3337 de
807 3288 960 3351 passeribus
979 3302 1011 3337 cx
1022 3288 1082 3337 luto
1095 3287 1184 3338 fectis·
1207 3285 1266 3335 Tum
1279 3290 1305 3327 ⁶¹
1344 3310 1346 3349 :

123 3385 190 3436 quse
203 3379 245 3422 est
258 3372 291 3422 de
305 3373 398 3423 tritico
412 3374 541 3436 sequitur,
555 3374 597 3422 his
611 3377 744 3436 conceptu
756 3373 859 3422 verbis:
886 3373 944 3420 Ossm
956 3375 1022 3421 esset
1033 3372 1106 3421 lesus
1117 3387 1235 3422 aaronis
1245 3363 1301 3432 qul*

120 3457 210 3515 decim,
223 3458 331 3520 quadum
344 3458 386 3507 die
398 3458 459 3507 solit
470 3459 583 3507 triticum
592 3458 722 3508 deterreo
731 3459 823 3508 metris
834 3474 895 3506 suos
908 3453 961 3520 [ot]
975 3458 1116 3507 seusiaoait.
1135 3457 1213 3507 Alsos
1221 3448 1300 3517 (coda

121 3543 200 3605 iliad)
212 3557 288 3604 super
297 3548 400 3605 petram
413 3544 512 3601 cecidit,
526 3544 591 3607 qood
603 3546 729 3593 horrorem
740 3560 790 3593 nos
799 3543 900 3599 babuit,-
915 3542 988 3592 aliod
999 3543 1027 3591 s'ss
1039 3547 1137 3592 terram
1148 3543 1237 3597 bom,
1247 3527 1300 3600 Μ

121 3632 208 3678 sotum
220 3632 271 3686 est,
289 3633 314 3677 st
332 3644 363 3677 ex
380 3644 408 3677 so
422 3628 525 3690 collegit
537 3633 633 3677 centum
646 3630 732 3678 corbes
744 3629 826 3679 tritici
838 3633 1006 3677 mensuratas.
1037 3628 1063 3676 1⁷
1058 3629 1145 3679 ocavit
1152 3634 1265 3691 prspere!
1274 3626 1299 3661 ’θ

121 3713 229 3772 debiles,
246 3714 337 3762 videas
353 3717 377 3761 et
390 3715 532 3777 orphoeus,
551 3718 577 3763 et
593 3715 630 3764 eis
642 3715 755 3764 triticum
767 3714 896 3777 eropuus't5
913 3714 957 3763 sed
970 3710 1079 3778 [etium]
1092 3714 1182 3778 Ioseph
1198 3711 1229 3760 sd
1238 3708 1297 3766 W

121 3798 188 3846 riam
205 3799 285 3862 ipsias
303 3798 363 3847 tulit
375 3800 497 3848 modicam
510 3816 561 3865 pro
574 3801 743 3850 benedictione
760 3801 788 3848 iss
799 3801 872 3849 domo
884 3815 938 3848 ssa.
964 3797 1005 3848 cf.
1019 3814 1113 3864 svsng.
1127 3799 1215 3848 Tuom
1225 3786 1298 3845 bstin-

123 3899 180 3946 csp.
194 3882 234 3940 X„
247 3884 290 3932 cui
301 3884 381 3934 etism
395 3884 585 3950 adscripsimus
598 3901 666 3949 quse
679 3885 830 3935 consimilia
842 3899 861 3936 υ
874 3884 994 3948 praebet.

192 3967 295 4017 XXXV.
315 3969 388 4019 Hsee
407 3969 440 4019 de
459 3977 554 4036 crypta
572 3972 679 4020 leonum
697 3970 816 4019 usuratio
835 3971 864 4018 in
877 3968 970 4019 codice
983 3981 999 4016 n
1014 3982 1069 4018 non
1081 3968 1187 4033 legitur.
1209 3957 1302 4024 hegilur

123 4067 185 4103 vero
199 4053 227 4102 in
239 4066 258 4102 1>
272 4053 364 4104 codice
377 4071 408 4105 eo
422 4056 512 4119 cupite
525 4055 597 4120 quod
610 4056 768 4119 inscriptum
783 4060 840 4105 est:
866 4054 994 4116 Quomodo
1008 4051 1145 4117 (Quaado)
1157 4053 1225 4101 Iesse
1234 4045 1302 4094 W

122 4139 160 4187 vit
172 4139 198 4186 iss
211 4144 323 4204 cryptam
336 4139 457 4189 bomaio.
901 4140 912 4156 ⁸
1248 4196 1252 4205 ,

192 4224 243 4273 Est
252 4225 295 4273 vio
307 4251 316 4260 ·
329 4226 430 4275 Iterioo
443 4252 452 4261 ·
464 4226 507 4274 obi
519 4228 599 4274 oredo
611 4253 620 4262 -
633 4242 757 4275 uasorum
765 4229 859 4290 septem
871 4228 896 4274 st
907 4225 971 4273 eatis
982 4225 1013 4272 ds
1022 4224 1125 4274 Ikerico
1138 4248 1146 4259 ·
1158 4222 1226 4270 Erat
1234 4209 1310 4263 ΜΨ

124 4324 194 4359 serso
207 4335 215 4345 ·
225 4327 274 4374 per
286 4311 353 4359 siam
365 4311 439 4359 illam
452 4336 460 4346 ·
478 4311 585 4360 Veniens
597 4317 680 4361 aaran
691 4313 723 4360 de
737 4312 838 4361 Iberiso
851 4312 923 4360 Iessos
935 4314 960 4359 et
972 4325 1123 4374 cognoscens
1134 4308 1193 4373 peis
1204 4331 1212 4343 ·
1224 4289 1313 4353 affl

124 4395 265 4446 videntibus
281 4397 308 4444 iss
324 4412 379 4445 sossi
393 4398 509 4446 introivit
521 4422 530 4433 ·
543 4402 709 4447 occurrerunt
721 4398 744 4445 ei
757 4397 853 4446 obuiam
867 4424 875 4433 ·
891 4398 963 4447 Iesus
975 4399 1058 4445 astera
1071 4421 1080 4431 ·
1093 4394 1178 4444 blond.
1191 4395 1215 4443 et
1225 4368 1319 4439 deff*

124 4497 179 4529 com
196 4498 233 4530 eo.
257 4481 355 4530 Leones
372 4498 431 4531 vero
447 4483 553 4532 dommo
572 4508 580 4518 ·
598 4483 743 4533 odorabunt
756 4509 764 4519 ·
777 4487 802 4531 et
819 4500 869 4533 aaa
888 4483 975 4531 rideas
992 4481 1043 4530 Ies.
1061 4481 1162 4530 dicebat
1173 4504 1182 4517 ·
1193 4466 1264 4528 soal
