2880 5062
297 341 628 395 PSEUDOMATTHAEI
647 343 891 395 EVANGELIUM.
920 343 993 396 CAP.
1013 346 1070 397 XV.
1243 347 1282 411 81

99 500 240 560 focatum
261 501 315 558 est
336 514 462 559 nomeu
484 493 697 576 musterus,
721 495 815 577 quod
834 502 995 560 vocatum
1017 503 1071 561 est
1093 497 1136 562 ab
1159 499 1283 582 angelo

99 603 270 679 autequam
299 597 335 661 in
360 603 460 662 utero
488 597 742 679 conciperetur.
788 597 981 681 Postquam
1007 605 1123 664 autem
1149 601 1284 684 impleti

99 706 167 765 suut
189 699 264 764 dies
287 700 506 783 purgationis
528 698 678 782 Mariae,
705 699 897 764 secuudum
918 701 1031 784 legem
1047 701 1176 785 Mopsi,
1200 709 1285 770 tunc

102 800 183 866 duxit
196 801 326 885 Ioseph
342 802 513 867 infantem
530 801 574 867 ad
590 803 757 885 templum
776 803 918 868 domini.
957 801 1114 887 Cumque
1131 808 1286 890 accepis·

104 911 144 970 sat
156 904 266 971 infans
278 904 509 988 perithomen‚
527 905 734 971 obtulerunt
748 927 811 988 pro
829 926 870 971 eo
882 913 1132 988 parturturum
1150 916 1184 974 et
1195 909 1283 976 duos

104 1007 196 1090 pullos
212 1008 463 1075 columbarum.

172 1111 281 1176 ²Erat
296 1118 413 1176 autem
430 1112 465 1176 in
478 1111 608 1194 templo
619 1112 671 1175 vir
682 1110 738 1175 dei
750 1110 930 1194 perfectus
949 1117 984 1176 ot
1000 1112 1125 1195 iustae,
1143 1115 1283 1180 nomine

108 1208 238 1295 Symeon,
256 1213 784 1279 annorumcentumduodecim.
809 1213 880 1278 Hic
890 1235 1097 1296 responsum
1112 1216 1283 1284 adomino

108 1321 264 1399 acceperat
279 1317 364 1399 quia
380 1337 449 1381 non
466 1321 624 1399 gustaret
643 1322 788 1382 mortem
805 1317 874 1381 nisi
885 1316 1020 1382 videret
1032 1315 1210 1386 Christum
1227 1321 1285 1387 dei

109 1414 192 1483 ilium
209 1420 245 1484 in
267 1441 382 1484 carue.
417 1418 486 1502 Qui
507 1440 585 1484 cum
600 1420 748 1485 vidisset
769 1419 956 1500 infantem,
981 1422 1185 1490 exclamavit
1199 1446 1282 1490 voce

109 1538 204 1603 magua
220 1521 357 1588 dicens:
381 1522 549 1589 Visitavit
565 1523 651 1588 deus
667 1522 807 1605 plebem
825 1543 932 1604 suam,
951 1530 987 1588 et
1003 1524 1161 1608 implerit
1177 1527 1284 1593 domi·

110 1641 156 1686 uus
169 1626 429 1707 promissionem
445 1647 554 1691 suam.
584 1626 632 1691 Et
648 1626 821 1691 festinans
843 1625 1003 1692 adoravit
1024 1628 1206 1694 infantem.
1237 1632 1285 1697 Et

110 1726 263 1804 posthaec
281 1716 479 1811 suscipiens
502 1749 581 1793 eum
602 1729 638 1792 iu
660 1729 770 1811 pallio
791 1750 853 1794 suo
878 1728 1037 1794 adoravit
1059 1752 1137 1795 eum
1158 1732 1283 1798 iterum

110 1832 136 1890 et
153 1831 366 1897 osculabatur
389 1832 528 1914 plantas
555 1833 630 1897 eius
657 1838 692 1897 et
713 1832 815 1897 dixit:
848 1831 953 1896 Nunc
974 1831 1122 1899 dimittis
1149 1856 1285 1901 servum

110 1931 183 1995 tuum
196 1933 332 1999 domine
355 1934 548 1999 secundum
564 1935 707 1999 verbum
722 1941 821 1999 tuum
843 1935 879 1998 in
896 1956 997 2018 pace,
1022 1937 1105 2019 quia
1122 1937 1284 2003 viderunt

111 2033 179 2098 oculi
196 2039 260 2102 mei
283 2037 436 2103 salutare
458 2044 573 2120 tuum,
601 2037 694 2121 quod
716 2039 849 2120 parasti
875 2044 956 2104 aute
980 2037 1105 2104 faciem
1131 2041 1284 2106 omnium

111 2137 298 2220 populorum,
320 2140 437 2206 lumen
454 2140 497 2205 ad
514 2141 763 2206 revelationem
780 2141 938 2225 gentium
954 2146 990 2206 et
1006 2141 1151 2224 gloriam
1168 2143 1283 2225 plebis

110 2239 169 2303 tuae
182 2241 299 2309 lsrael.

112 2355 293 2375 Ἂ-

111 2431 137 2475 ml
146 2433 304 2497 circumcisio)
318 2437 396 2486 obtat.
407 2454 457 2501 pro
469 2454 497 2487 eo
516 2442 547 2486 ut
560 2450 609 2495 ΔΒς
627 2449 642 2486 c
659 2436 702 2484 abi
720 2435 832 2500 impletis
850 2437 959 2499 triginta
971 2436 1059 2485 dietus
1070 2437 1145 2487 ducit
1160 2438 1283 2503 lapsantem

112 2515 136 2562 ad
145 2521 212 2584 templ.
224 2525 288 2574 dom.
301 2530 327 2574 et
338 2525 415 2574 obtul.
425 2541 476 2590 pro
489 2541 529 2581 eo,·
543 2539 561 2573 1)
573 2525 616 2572 ati
628 2528 717 2573 oetaeo
728 2524 770 2571 die
783 2523 993 2571 eimamoiderunt
1002 2539 1118 2586 puerum
1131 2527 1157 2573 et
1168 2528 1283 2575 vocatum

112 2605 139 2648 ‘tt
151 2621 220 2658 soraee
235 2613 290 2659 elma
302 2611 382 2659 lema.
407 2611 472 2660 Post
486 2625 553 2674 quae
567 2609 669 2674 pergit:
697 2609 784 2658 Tertia
795 2609 893 2657 decima
904 2624 964 2657 vero
977 2609 1018 2657 die
1031 2614 1152 2659 venenet
1164 2612 1231 2674 magi
1249 2612 1280 2659 ab

113 2687 188 2750 triente,
203 2697 235 2744 cl.
254 2712 313 2759 cup.
327 2696 397 2745 xvi.
416 2697 553 2759 Magorum
568 2710 629 2744 raro
642 2695 782 2743 historiam
796 2694 935 2757 excipiunt
948 2695 1042 2744 verba:
1068 2694 1186 2758 Impletie
1203 2695 1283 2758 igitur

112 2776 252 2842 meieta
263 2782 351 2831 diebus
363 2782 454 2845 Ioseph
466 2781 540 2830 derit
552 2782 674 2844 infantem
691 2781 717 2828 im
735 2779 854 2843 ternplum
865 2780 974 2838 domini,
991 2784 1017 2829 et
1033 2780 1179 2829 obtulerunt
1186 2795 1238 2843 pro
1251 2797 1280 2828 eo

113 2858 143 2906 tle
152 2876 220 2929 usque
231 2868 265 2917 ad
279 2867 359 2916 tinam
372 2867 450 2916 huius
463 2883 521 2930 cap.
535 2865 590 2915 XV.
606 2863 609 2928 Ι
623 2869 648 2915 et
660 2866 723 2915 duos
737 2869 768 2914 ut
781 2877 867 2914 Banu:
882 2878 899 2912 Β
912 2869 958 2913 aut
969 2865 1032 2914 duos
1046 2861 1050 2929 Ι
1065 2865 1249 2914 columbarum:
1263 2878 1279 2912 Β

112 2941 150 2992 ‘ll
158 2950 211 3001 toa
222 2953 345 3017 seriptum
358 2957 395 3001 eet
407 2953 433 3000 im
446 2951 500 3016 lege
512 2951 607 3001 domini

160 3035 179 3084 2.
194 3037 335 3102 intemplo:
348 3050 364 3086 Β
376 3037 429 3087 add
439 3037 534 3086 dormint
547 3033 550 3100 Ι
563 3037 603 3084 air
616 3035 646 3097 (Δ
660 3034 713 3084 add
723 3033 836 3098 quidam)
849 3035 891 3083 dei
896 3036 966 3100 perf.
979 3039 1005 3085 et
1016 3035 1076 3084 ieet·
1090 3040 1120 3085 ut
1131 3047 1200 3094 acm
1212 3048 1228 3084 Β
1240 3035 1282 3084 air

111 3117 187 3178 Ναΐα
203 3129 225 3173 et
237 3126 312 3181 ieet,
331 3137 348 3172 Β
368 3123 468 3186 quidam
485 3123 556 3171 lemno
575 3123 633 3171 ieet.
652 3126 677 3170 et
695 3122 829 3171 timoratae
843 3118 847 3183 Ι
862 3134 879 3169 a
893 3122 934 3169 eui
951 3136 1039 3170 momen
1052 3120 1158 3187 Symeon
1172 3119 1176 3186 Ι
1191 3137 1281 3170 aanor.

113 3205 258 3260 mtamtee.
271 3214 302 3259 ut
315 3222 364 3268 ΑΒς
384 3221 419 3258 cn
433 3225 457 3257 a.
471 3225 492 3257 c.
505 3209 639 3264 tredecim,¹
653 3221 670 3256 Β
683 3222 735 3266 om,
748 3207 796 3257 sed
809 3206 870 3256 vide
883 3207 962 3264 iufra,
975 3208 1021 3257 ubi
1034 3221 1070 3257 ΑΒ
1083 3207 1231 3258 confirmat.
1247 3206 1249 3271 Ι
1264 3224 1281 3255 a

113 3280 183 3343 ‘Um
193 3301 220 3345 ut
229 3308 300 3354 ucu;
315 3309 330 3343 Β
343 3311 360 3343 a
368 3295 424 3352 deo,
437 3307 454 3342 Β
467 3311 484 3343 a
493 3295 587 3358 spiritu
595 3299 684 3343 cancta
696 3291 699 3356 Ι
716 3294 777 3357 qaia
787 3290 831 3354 (cu
842 3293 918 3357 qaod)
928 3309 953 3341 m.
960 3297 1079 3356 gustaret
1089 3293 1116 3357 (c
1124 3293 1280 3356 portasset),-

114 3375 168 3423 ’Μ
178 3381 279 3430 amram
290 3399 317 3430 se
329 3385 433 3430 mortam
447 3375 451 3444 Ι
465 3392 482 3426 Β
494 3380 545 3428 miei
554 3381 630 3443 prius
640 3376 644 3445 Ι
663 3379 720 3427 oar.
733 3378 776 3427 aa·
785 3378 830 3444 fil.
845 3379 873 3440 (Α
879 3378 924 3443 fil.
937 3379 990 3440 der)
1003 3386 1034 3428 ut
1047 3390 1116 3438 σοις
1134 3391 1151 3426 Β
1166 3378 1223 3426 Chr.
1237 3378 1280 3427 do·

113 3455 203 3523 mim,
214 3479 230 3515 Β
244 3468 302 3516 cm.
315 3467 440 3517 dommum
454 3464 458 3530 Ι
473 3467 499 3513 in
511 3481 588 3514 earne
601 3469 632 3514 ut
645 3477 691 3522 cu,-
704 3478 722 3512 u
735 3480 825 3528 praem
839 3471 867 3514 at
880 3477 898 3512 Β
911 3464 965 3513 edd
976 3464 1112 3520 viventem
1125 3476 1142 3511 Β
1154 3464 1261 3528 insuete
1274 3460 1278 3526 Ι

116 3536 161 3599 0¹5³
174 3563 204 3600 ua
215 3552 267 3602 Hic
284 3552 288 3617 Ι
313 3552 387 3602 Vicit.
400 3553 462 3601 dece
475 3551 502 3614 (a
514 3550 619 3612 domin.)
629 3551 682 3616 ple.
695 3567 715 3599 a.
728 3555 754 3599 et
766 3548 793 3612 (Β
806 3549 860 3612 om)
873 3549 943 3613 impl.
956 3550 1049 3598 domim.
1063 3548 1091 3612 (Β
1102 3549 1177 3606 deae,
1196 3562 1213 3596 Β
1226 3547 1280 3611 om)

111 3638 177 3685 Μ.
191 3644 218 3686 ut
230 3650 318 3696 ΑΒΒΒς
336 3652 352 3686 Β
370 3637 410 3686 Vi.
423 3642 449 3687 et
457 3638 528 3703 serit
540 3637 734 3701 redemptionem
742 3637 827 3701 pletis
839 3652 899 3685 mae
912 3634 998 3684 Israel
1011 3634 1155 3684 benedictus
1167 3635 1281 3684 dominae

113 3708 237 3772 &umam
250 3723 254 3784 Ι
264 3725 412 3788 semmam.-
431 3737 447 3772 Β
460 3723 513 3773 add
526 3739 552 3772 se
564 3725 599 3772 ad
607 3727 711 3786 portam
724 3723 812 3786 tesaplr'
826 3719 829 3787 Ι
844 3722 967 3786 ι’ψηίοηι
980 3724 1011 3769 ut
1023 3732 1093 3779 cmm
1106 3734 1142 3768 uu
1155 3736 1221 3776 eam,
1239 3725 1279 3769 et·

116 3808 227 3858 merod
243 3810 361 3859 occatam
373 3809 478 3874 pammac
494 3810 547 3858 eius
561 3805 565 3873 Ι
580 3810 632 3858 Et:
649 3823 666 3858 Β
679 3825 736 3866 om,
755 3821 772 3855 Β
785 3823 828 3857 om
842 3811 904 3870 poet
919 3807 981 3855 leaeo
995 3803 999 3872 Ι
1012 3807 1152 3868 memiana
1164 3832 1172 3841 ·
1185 3807 1239 3855 eim
1256 3810 1281 3855 et

114 3879 161 3935 Μ
168 3888 189 3952 (c
197 3896 245 3944 eim
253 3894 352 3958 dicens)
362 3900 394 3945 ut
404 3908 448 3945 cn.
463 3895 594 3945 Similiter
603 3908 620 3943 Δ
631 3895 741 3958 suscepit
749 3909 803 3942 eam
812 3893 839 3942 in
844 3892 957 3956 palliam
965 3908 1036 3941 mum
1045 3898 1071 3942 et
1079 3891 1196 3942 amatam
1201 3892 1281 3955 pedm
1353 3938 1358 3949 ,

115 3965 224 4036 ‘ludria
235 3993 252 4028 Β
265 3981 364 4045 accepit
376 3982 401 4029 in
414 3981 489 4030 ulnas
500 3996 561 4030 cuae
572 3984 597 4029 et
609 3980 688 4035 daia·
706 3992 722 4028 Β
735 3979 874 4043 suscipiam
885 3978 1051 4031 osculabatur
1064 3977 1213 4041 amplexam
1225 3994 1280 4027 eam

116 4054 210 4112 tum„
227 4063 231 4130 Ι
248 4080 265 4116 Β
281 4067 380 4116 dimitte
398 4064 402 4132 Ι
422 4080 439 4115 Δ
453 4081 495 4115 om
508 4066 606 4116 domim
624 4063 627 4131 Ι
648 4079 664 4114 Β
675 4080 716 4115 om
734 4081 782 4113 see.
797 4065 862 4114 cert.
876 4068 944 4113 tuam
964 4063 968 4129 Ι
989 4063 1049 4127 qaia
1060 4063 1178 4112 viderant
1195 4068 1279 4127 usque

118 4133 217 4197 leuto
234 4168 279 4216 pro
297 4153 339 4202 his
356 4157 396 4201 eto
412 4152 503 4201 habet.
524 4149 527 4215 Ι
548 4150 648 4201 Israel:
666 4164 682 4197 Β
702 4150 755 4200 add
769 4151 807 4200 Et
823 4167 877 4199 cam
891 4149 972 4199 CXII
985 4153 1050 4198 esset
1062 4164 1184 4197 aemorum
1201 4153 1226 4197 et
1238 4149 1281 4197 oia

115 4233 177 4280 Μ
185 4248 207 4281 m
216 4238 292 4300 ipsum
303 4254 400 4302 repere,
415 4239 534 4301 portavit
542 4253 649 4301 puerum
661 4238 686 4285 in
699 4236 768 4285 alnis
779 4236 832 4285 saie
843 4251 920 4300 aeque
933 4235 967 4284 ad
979 4234 1065 4283 altare
1078 4234 1165 4298 templi
1177 4234 1279 4283 domini.

119 4302 277 4380 &utpmram
286 4323 419 4388 portabat,
431 4324 476 4373 sed
485 4339 552 4386 puer
563 4338 643 4372 cenem
655 4322 767 4386 repetat.
789 4321 857 4370 Tamo
870 4321 969 4371 locutae
981 4325 1018 4369 est
1030 4320 1103 4369 Iasae
1114 4320 1212 4369 dicens:
1224 4320 1279 4368 Ee·

117 4392 183 4444 “dat
196 4411 229 4454 ert
239 4410 321 4458 oratic
334 4413 393 4467 tea,
413 4410 526 4476 Symeon.
550 4410 589 4458 Et
604 4410 744 4474 stupefacti
759 4412 818 4458 eunt
830 4424 913 4458 ommes
928 4408 1045 4471 magistri
1063 4406 1151 4471 templi
1162 4407 1192 4455 de
1206 4405 1279 4454 verto

116 4478 163 4530 Μ
170 4483 246 4548 tllsaam
256 4494 354 4545 locatus
365 4501 430 4545 erat.

150 4556 298 4626 ‘streames
309 4579 343 4619 eu.
354 4578 506 4619 sinemurum.
522 4578 562 4617 uu.
573 4578 600 4618 11.
1049 4578 1065 4626 g
