<?xml version="1.0" encoding="UTF-8"?>
<!DOCTYPE html PUBLIC "-//W3C//DTD XHTML 1.0 Transitional//EN"
    "http://www.w3.org/TR/xhtml1/DTD/xhtml1-transitional.dtd">
<html xmlns="http://www.w3.org/1999/xhtml" xml:lang="en" lang="en">
 <head>
  <title>
</title>
<meta http-equiv="Content-Type" content="text/html;charset=utf-8" />
  <meta name='ocr-system' content='tesseract 3.04.00' />
  <meta name='ocr-capabilities' content='ocr_page ocr_carea ocr_par ocr_line ocrx_word'/>
</head>
<body>
  <div class='ocr_page' id='page_1' title='image "./evangeliaapocry01tiscgoog_0566.png"; bbox 0 0 2880 5062; ppageno 0'>
   <div class='ocr_carea' id='block_1_1' title="bbox 488 364 1259 428">
    <p class='ocr_par' dir='ltr' id='par_1_1' title="bbox 488 364 1259 428">
     <span class='ocr_line' id='line_1_1' title="bbox 488 364 1259 428; baseline 0.013 -10"><span class='ocrx_word' id='word_1_1' title='bbox 488 366 683 419; x_wconf 77' lang='grc' dir='ltr'>Ριιιιιοοειο</span> <span class='ocrx_word' id='word_1_2' title='bbox 702 367 829 419; x_wconf 71' lang='lat' dir='ltr'><strong>prom.</strong></span> <span class='ocrx_word' id='word_1_3' title='bbox 1195 364 1259 428; x_wconf 81' lang='lat'>453</span> 
     </span>
    </p>
   </div>
   <div class='ocr_carea' id='block_1_2' title="bbox 47 511 1318 1945">
    <p class='ocr_par' dir='ltr' id='par_1_2' title="bbox 47 511 1318 1831">
     <span class='ocr_line' id='line_1_2' title="bbox 56 511 1259 604; baseline -0.001 -25"><span class='ocrx_word' id='word_1_4' title='bbox 56 511 209 600; x_wconf 79' lang='grc' dir='ltr'>ωαροῦσι</span> <span class='ocrx_word' id='word_1_5' title='bbox 233 524 359 601; x_wconf 81' lang='grc' dir='ltr'>καιμοῖσ</span> <span class='ocrx_word' id='word_1_6' title='bbox 379 520 568 604; x_wconf 84' lang='grc' dir='ltr'>γεμομέμιιμ</span> <span class='ocrx_word' id='word_1_7' title='bbox 592 515 722 604; x_wconf 83' lang='grc' dir='ltr'>τθλμαμ</span> <span class='ocrx_word' id='word_1_8' title='bbox 746 518 844 602; x_wconf 83' lang='grc' dir='ltr'>ωαρὰ</span> <span class='ocrx_word' id='word_1_9' title='bbox 866 523 939 604; x_wconf 80' lang='grc' dir='ltr'>τθιμ</span> <span class='ocrx_word' id='word_1_10' title='bbox 962 515 1023 602; x_wconf 73' lang='grc' dir='ltr'>τιῖμ</span> <span class='ocrx_word' id='word_1_11' title='bbox 1038 515 1259 601; x_wconf 67' lang='grc' dir='ltr'>Ἰεμουσαλιῖμ</span> 
     </span>
     <span class='ocr_line' id='line_1_3' title="bbox 58 624 1260 714; baseline -0.002 -22"><span class='ocrx_word' id='word_1_12' title='bbox 58 628 245 714; x_wconf 83' lang='grc' dir='ltr'>οἷκοὺμτοομ</span> <span class='ocrx_word' id='word_1_13' title='bbox 269 633 319 692; x_wconf 81' lang='grc' dir='ltr'>καὶ</span> <span class='ocrx_word' id='word_1_14' title='bbox 341 628 410 693; x_wconf 83' lang='grc' dir='ltr'>τὰσ</span> <span class='ocrx_word' id='word_1_15' title='bbox 432 633 529 714; x_wconf 61' lang='grc' dir='ltr'>ωέριμ</span> <span class='ocrx_word' id='word_1_16' title='bbox 552 628 683 694; x_wconf 85' lang='grc' dir='ltr'>αιθλεισ</span> <span class='ocrx_word' id='word_1_17' title='bbox 697 629 870 714; x_wconf 81' lang='grc' dir='ltr'>Ἰουδαῖοομ</span> <span class='ocrx_word' id='word_1_18' title='bbox 893 627 1094 714; x_wconf 78' lang='grc' dir='ltr'>ωαμάμομόμ</span> <span class='ocrx_word' id='word_1_19' title='bbox 1112 652 1154 692; x_wconf 89' lang='grc' dir='ltr'>τε</span> <span class='ocrx_word' id='word_1_20' title='bbox 1168 624 1260 713; x_wconf 63' lang='lat' dir='ltr'><strong>mpo-</strong></span> 
     </span>
     <span class='ocr_line' id='line_1_4' title="bbox 56 730 1259 828; baseline 0.001 -25"><span class='ocrx_word' id='word_1_21' title='bbox 56 762 103 825; x_wconf 72' lang='grc' dir='ltr'>μμ</span> <span class='ocrx_word' id='word_1_22' title='bbox 127 746 255 826; x_wconf 83' lang='grc' dir='ltr'>ἐγμοομ,</span> <span class='ocrx_word' id='word_1_23' title='bbox 280 743 336 804; x_wconf 81' lang='grc' dir='ltr'>ἀισ</span> <span class='ocrx_word' id='word_1_24' title='bbox 358 740 437 827; x_wconf 83' lang='grc' dir='ltr'>θεόμ</span> <span class='ocrx_word' id='word_1_25' title='bbox 459 765 535 827; x_wconf 91' lang='grc' dir='ltr'>τιμα</span> <span class='ocrx_word' id='word_1_26' title='bbox 557 740 749 828; x_wconf 83' lang='grc' dir='ltr'>λεγόμεμομ</span> <span class='ocrx_word' id='word_1_27' title='bbox 766 736 897 827; x_wconf 70' lang='grc' dir='ltr'>Ἰιισοῦμ</span> <span class='ocrx_word' id='word_1_28' title='bbox 917 730 1066 827; x_wconf 75' lang='grc' dir='ltr'>Πιλᾶτομ</span> <span class='ocrx_word' id='word_1_29' title='bbox 1090 740 1259 826; x_wconf 79' lang='grc' dir='ltr'>κατιιμάγ-</span> 
     </span>
     <span class='ocr_line' id='line_1_5' title="bbox 58 847 1254 938; baseline 0.001 -23"><span class='ocrx_word' id='word_1_30' title='bbox 58 853 177 938; x_wconf 86' lang='grc' dir='ltr'>ιιασαμ</span> <span class='ocrx_word' id='word_1_31' title='bbox 195 860 401 937; x_wconf 79' lang='grc' dir='ltr'>σταυρῶσαι,</span> <span class='ocrx_word' id='word_1_32' title='bbox 426 853 478 917; x_wconf 82' lang='grc' dir='ltr'>διὰ</span> <span class='ocrx_word' id='word_1_33' title='bbox 500 847 562 918; x_wconf 82' lang='grc' dir='ltr'>τοῦ</span> <span class='ocrx_word' id='word_1_34' title='bbox 584 853 742 918; x_wconf 87' lang='grc' dir='ltr'>τοιούτου</span> <span class='ocrx_word' id='word_1_35' title='bbox 765 852 881 938; x_wconf 81' lang='grc' dir='ltr'>αὖτῶμ</span> <span class='ocrx_word' id='word_1_36' title='bbox 899 852 1200 938; x_wconf 71' lang='grc' dir='ltr'>ωλιιμμελῖιματοσ</span> <span class='ocrx_word' id='word_1_37' title='bbox 1219 851 1254 916; x_wconf 82' lang='grc' dir='ltr'>δι’</span> 
     </span>
     <span class='ocr_line' id='line_1_6' title="bbox 58 956 1318 1055; baseline -0.002 -26"><span class='ocrx_word' id='word_1_38' title='bbox 58 962 100 1029; x_wconf 81' lang='grc' dir='ltr'>οῦ</span> <span class='ocrx_word' id='word_1_39' title='bbox 124 963 143 1029; x_wconf 83' lang='grc' dir='ltr'><em>ὃ</em></span> <span class='ocrx_word' id='word_1_40' title='bbox 166 965 294 1048; x_wconf 82' lang='grc' dir='ltr'>κθσμοσ</span> <span class='ocrx_word' id='word_1_41' title='bbox 318 966 510 1030; x_wconf 81' lang='grc' dir='ltr'>σκοτισθεὶσ</span> <span class='ocrx_word' id='word_1_42' title='bbox 538 970 592 1030; x_wconf 85' lang='grc' dir='ltr'>εῑσ</span> <span class='ocrx_word' id='word_1_43' title='bbox 620 964 805 1051; x_wconf 82' lang='grc' dir='ltr'>ἂωώλειαμ</span> <span class='ocrx_word' id='word_1_44' title='bbox 835 967 977 1029; x_wconf 87' lang='grc' dir='ltr'>εἵλκετο.</span> <span class='ocrx_word' id='word_1_45' title='bbox 1023 965 1171 1049; x_wconf 85' lang='grc' dir='ltr'>θέλιισομ</span> <span class='ocrx_word' id='word_1_46' title='bbox 1200 956 1258 1048; x_wconf 79' lang='grc' dir='ltr'>οὖμ</span> <span class='ocrx_word' id='word_1_47' title='bbox 1314 1040 1318 1055; x_wconf 41' lang='grc'><em>,</em></span> 
     </span>
     <span class='ocr_line' id='line_1_7' title="bbox 57 1076 1259 1162; baseline 0 -23"><span class='ocrx_word' id='word_1_48' title='bbox 57 1079 268 1141; x_wconf 79' lang='grc' dir='ltr'>σωουδαῐοοσ</span> <span class='ocrx_word' id='word_1_49' title='bbox 310 1076 379 1161; x_wconf 73' lang='grc' dir='ltr'>ἅμα</span> <span class='ocrx_word' id='word_1_50' title='bbox 417 1076 582 1141; x_wconf 68' lang='grc' dir='ltr'>ωλῖιθουσ</span> <span class='ocrx_word' id='word_1_51' title='bbox 619 1083 844 1162; x_wconf 77' lang='grc' dir='ltr'>στματιοοτῶμ</span> <span class='ocrx_word' id='word_1_52' title='bbox 883 1076 1144 1162; x_wconf 82' lang='grc' dir='ltr'>ωαμαγεμέσθαι</span> <span class='ocrx_word' id='word_1_53' title='bbox 1164 1083 1259 1144; x_wconf 86' lang='grc' dir='ltr'>,τοῖσ</span> 
     </span>
     <span class='ocr_line' id='line_1_8' title="bbox 57 1182 1258 1274; baseline 0 -24"><span class='ocrx_word' id='word_1_54' title='bbox 57 1189 171 1252; x_wconf 77' lang='grc' dir='ltr'>ἐκεῖσε</span> <span class='ocrx_word' id='word_1_55' title='bbox 202 1182 252 1251; x_wconf 79' lang='grc' dir='ltr'>καὶ</span> <span class='ocrx_word' id='word_1_56' title='bbox 285 1191 521 1274; x_wconf 81' lang='grc' dir='ltr'>αἷχμαλοοσῖαμ</span> <span class='ocrx_word' id='word_1_57' title='bbox 555 1187 709 1252; x_wconf 78' lang='grc' dir='ltr'>ἐκθέσθαι</span> <span class='ocrx_word' id='word_1_58' title='bbox 741 1188 793 1252; x_wconf 81' lang='grc' dir='ltr'>διὰ</span> <span class='ocrx_word' id='word_1_59' title='bbox 822 1187 948 1253; x_wconf 81' lang='grc' dir='ltr'>τοθτου</span> <span class='ocrx_word' id='word_1_60' title='bbox 978 1182 1041 1252; x_wconf 81' lang='grc' dir='ltr'>τοῦ</span> <span class='ocrx_word' id='word_1_61' title='bbox 1071 1187 1258 1273; x_wconf 79' lang='grc' dir='ltr'>θόγματοσ.</span> 
     </span>
     <span class='ocr_line' id='line_1_9' title="bbox 55 1294 1258 1386; baseline -0.001 -24"><span class='ocrx_word' id='word_1_62' title='bbox 55 1298 260 1386; x_wconf 82' lang='grc' dir='ltr'>ωειθαμχῶμ</span> <span class='ocrx_word' id='word_1_63' title='bbox 289 1294 414 1384; x_wconf 66' lang='grc' dir='ltr'>κιμιῖσαι</span> <span class='ocrx_word' id='word_1_64' title='bbox 441 1299 513 1363; x_wconf 85' lang='grc' dir='ltr'>κατ’</span> <span class='ocrx_word' id='word_1_65' title='bbox 542 1299 658 1386; x_wconf 83' lang='grc' dir='ltr'>αῦτῶμ</span> <span class='ocrx_word' id='word_1_66' title='bbox 688 1305 738 1364; x_wconf 78' lang='grc' dir='ltr'>καῖ</span> <span class='ocrx_word' id='word_1_67' title='bbox 760 1302 797 1384; x_wconf 98' lang='grc' dir='ltr'>ἐμ</span> <span class='ocrx_word' id='word_1_68' title='bbox 821 1303 1029 1383; x_wconf 79' lang='grc' dir='ltr'>θιασωομαῖσ</span> <span class='ocrx_word' id='word_1_69' title='bbox 1051 1297 1179 1364; x_wconf 81' lang='grc' dir='ltr'>αὖτοὺσ</span> <span class='ocrx_word' id='word_1_70' title='bbox 1202 1298 1258 1362; x_wconf 83' lang='grc' dir='ltr'>θέ-</span> 
     </span>
     <span class='ocr_line' id='line_1_10' title="bbox 56 1405 1258 1497; baseline -0.001 -22"><span class='ocrx_word' id='word_1_71' title='bbox 56 1434 166 1496; x_wconf 85' lang='grc' dir='ltr'>μεμοσ</span> <span class='ocrx_word' id='word_1_72' title='bbox 193 1413 229 1496; x_wconf 90' lang='grc' dir='ltr'>ἐμ</span> <span class='ocrx_word' id='word_1_73' title='bbox 258 1407 367 1497; x_wconf 82' lang='grc' dir='ltr'>τσᾶσιμ</span> <span class='ocrx_word' id='word_1_74' title='bbox 394 1417 474 1476; x_wconf 84' lang='grc' dir='ltr'>τοῖσ</span> <span class='ocrx_word' id='word_1_75' title='bbox 499 1412 629 1496; x_wconf 86' lang='grc' dir='ltr'>ἐθμεσιμ</span> <span class='ocrx_word' id='word_1_76' title='bbox 654 1411 922 1496; x_wconf 80' lang='grc' dir='ltr'>καταδούλωσομ</span> <span class='ocrx_word' id='word_1_77' title='bbox 946 1411 1089 1487; x_wconf 82' lang='grc' dir='ltr'>αὖτούσ,</span> <span class='ocrx_word' id='word_1_78' title='bbox 1119 1415 1169 1475; x_wconf 71' lang='grc' dir='ltr'>καὶ</span> <span class='ocrx_word' id='word_1_79' title='bbox 1191 1405 1258 1475; x_wconf 65' lang='grc' dir='ltr'>τιῖσ</span> 
     </span>
     <span class='ocr_line' id='line_1_11' title="bbox 47 1521 1257 1609; baseline 0.002 -24"><span class='ocrx_word' id='word_1_80' title='bbox 47 1521 220 1586; x_wconf 78' lang='grc' dir='ltr'>Ἰουθαῖασ</span> <span class='ocrx_word' id='word_1_81' title='bbox 244 1523 392 1587; x_wconf 79' lang='grc' dir='ltr'>οἰωόισιισ</span> <span class='ocrx_word' id='word_1_82' title='bbox 415 1526 578 1607; x_wconf 60' lang='grc' dir='ltr'>ἐκδιώμασ</span> <span class='ocrx_word' id='word_1_83' title='bbox 602 1522 786 1609; x_wconf 86' lang='grc' dir='ltr'>ὀλιγοστὸμ</span> <span class='ocrx_word' id='word_1_84' title='bbox 810 1523 851 1586; x_wconf 89' lang='grc' dir='ltr'>τὸ</span> <span class='ocrx_word' id='word_1_85' title='bbox 874 1525 979 1608; x_wconf 85' lang='grc' dir='ltr'>ἐθμοσ</span> <span class='ocrx_word' id='word_1_86' title='bbox 1002 1521 1117 1609; x_wconf 77' lang='grc' dir='ltr'>αὖτῶμ</span> <span class='ocrx_word' id='word_1_87' title='bbox 1142 1524 1257 1608; x_wconf 61' lang='grc' dir='ltr'>δεῖμομ,</span> 
     </span>
     <span class='ocr_line' id='line_1_12' title="bbox 55 1628 1258 1721; baseline 0 -23"><span class='ocrx_word' id='word_1_88' title='bbox 55 1633 113 1718; x_wconf 72' lang='grc' dir='ltr'>ἐφ’</span> <span class='ocrx_word' id='word_1_89' title='bbox 141 1632 273 1718; x_wconf 78' lang='grc' dir='ltr'>ὅωασιμ</span> <span class='ocrx_word' id='word_1_90' title='bbox 306 1635 348 1720; x_wconf 71' lang='grc' dir='ltr'>μιῖ</span> <span class='ocrx_word' id='word_1_91' title='bbox 380 1628 521 1721; x_wconf 68' lang='grc' dir='ltr'>ὃῴθΐιμαι</span> <span class='ocrx_word' id='word_1_92' title='bbox 551 1642 600 1699; x_wconf 84' lang='grc' dir='ltr'>ἐτι</span> <span class='ocrx_word' id='word_1_93' title='bbox 629 1629 749 1710; x_wconf 80' lang='grc' dir='ltr'>τοῦτο,</span> <span class='ocrx_word' id='word_1_94' title='bbox 782 1637 954 1719; x_wconf 79' lang='grc' dir='ltr'>ωομιιρῐασ</span> <span class='ocrx_word' id='word_1_95' title='bbox 982 1639 1100 1719; x_wconf 73' lang='grc' dir='ltr'>μεστοὶ</span> <span class='ocrx_word' id='word_1_96' title='bbox 1128 1634 1258 1720; x_wconf 81' lang='grc' dir='ltr'>τυγχα-</span> 
     </span>
     <span class='ocr_line' id='line_1_13' title="bbox 55 1770 194 1831; baseline -0.014 -21"><span class='ocrx_word' id='word_1_97' title='bbox 55 1770 194 1831; x_wconf 89' lang='grc' dir='ltr'>μομτεσ.</span> 
     </span>
    </p>

    <p class='ocr_par' dir='ltr' id='par_1_3' title="bbox 145 1852 1256 1945">
     <span class='ocr_line' id='line_1_14' title="bbox 145 1852 1256 1945; baseline -0.002 -24"><span class='ocrx_word' id='word_1_98' title='bbox 145 1857 246 1922; x_wconf 74' lang='grc' dir='ltr'>7Καὶ</span> <span class='ocrx_word' id='word_1_99' title='bbox 269 1852 332 1922; x_wconf 77' lang='grc' dir='ltr'>τοῦ</span> <span class='ocrx_word' id='word_1_100' title='bbox 356 1858 533 1945; x_wconf 77' lang='grc' dir='ltr'>θὸγματοσ</span> <span class='ocrx_word' id='word_1_101' title='bbox 555 1858 681 1923; x_wconf 78' lang='grc' dir='ltr'>τούτου</span> <span class='ocrx_word' id='word_1_102' title='bbox 704 1857 909 1943; x_wconf 75' lang='grc' dir='ltr'>φθάσαμτοσ</span> <span class='ocrx_word' id='word_1_103' title='bbox 938 1858 974 1941; x_wconf 87' lang='grc' dir='ltr'>ἐμ</span> <span class='ocrx_word' id='word_1_104' title='bbox 1002 1853 1045 1940; x_wconf 61' lang='grc' dir='ltr'>τῇ</span> <span class='ocrx_word' id='word_1_105' title='bbox 1074 1852 1256 1943; x_wconf 58' lang='grc' dir='ltr'>ἆματολικιῇ</span> 
     </span>
    </p>
   </div>
   <div class='ocr_carea' id='block_1_3' title="bbox 53 1964 1257 2056">
    <p class='ocr_par' dir='ltr' id='par_1_4' title="bbox 53 1964 1257 2056">
     <span class='ocr_line' id='line_1_15' title="bbox 53 1964 1257 2056; baseline -0.004 -22"><span class='ocrx_word' id='word_1_106' title='bbox 53 1968 165 2054; x_wconf 81' lang='grc' dir='ltr'>χώρᾳ,</span> <span class='ocrx_word' id='word_1_107' title='bbox 189 1969 351 2053; x_wconf 73' lang='grc' dir='ltr'>Λικιαμὸσ</span> <span class='ocrx_word' id='word_1_108' title='bbox 373 1970 614 2054; x_wconf 69' lang='grc' dir='ltr'>ωειθαρχέισασ</span> <span class='ocrx_word' id='word_1_109' title='bbox 636 1964 690 2054; x_wconf 76' lang='grc' dir='ltr'>τῷ</span> <span class='ocrx_word' id='word_1_110' title='bbox 707 1969 805 2054; x_wconf 72' lang='grc' dir='ltr'>ᾠθθῳ</span> <span class='ocrx_word' id='word_1_111' title='bbox 829 1964 891 2035; x_wconf 78' lang='grc' dir='ltr'>τοῦ</span> <span class='ocrx_word' id='word_1_112' title='bbox 914 1969 1091 2056; x_wconf 79' lang='grc' dir='ltr'>θόγματοσ</span> <span class='ocrx_word' id='word_1_113' title='bbox 1114 1971 1150 2052; x_wconf 90' lang='grc' dir='ltr'>ἐμ</span> <span class='ocrx_word' id='word_1_114' title='bbox 1175 1966 1257 2052; x_wconf 84' lang='grc' dir='ltr'>ἆμα-</span> 
     </span>
    </p>
   </div>
   <div class='ocr_carea' id='block_1_4' title="bbox 47 2204 1259 4517">
    <p class='ocr_par' dir='ltr' id='par_1_5' title="bbox 47 2204 1259 4431">
     <span class='ocr_line' id='line_1_16' title="bbox 55 2204 1258 2281; baseline 0.002 -22"><span class='ocrx_word' id='word_1_115' title='bbox 55 2204 132 2259; x_wconf 81' lang='grc' dir='ltr'>ωόλ.</span> <span class='ocrx_word' id='word_1_116' title='bbox 153 2211 182 2274; x_wconf 73' lang='grc' dir='ltr'>(ι</span> <span class='ocrx_word' id='word_1_117' title='bbox 201 2228 243 2261; x_wconf 89' lang='lat' dir='ltr'>om</span> <span class='ocrx_word' id='word_1_118' title='bbox 263 2228 283 2262; x_wconf 89' lang='grc' dir='ltr'>κ.</span> <span class='ocrx_word' id='word_1_119' title='bbox 302 2224 327 2258; x_wconf 91' lang='grc' dir='ltr'>τ.</span> <span class='ocrx_word' id='word_1_120' title='bbox 340 2224 378 2260; x_wconf 85' lang='grc' dir='ltr'>ω.</span> <span class='ocrx_word' id='word_1_121' title='bbox 391 2212 439 2274; x_wconf 88' lang='grc' dir='ltr'>ω.)</span> <span class='ocrx_word' id='word_1_122' title='bbox 457 2224 532 2277; x_wconf 85' lang='grc' dir='ltr'>ωαρ.</span> <span class='ocrx_word' id='word_1_123' title='bbox 550 2226 593 2263; x_wconf 90' lang='grc' dir='ltr'>τε.</span> <span class='ocrx_word' id='word_1_124' title='bbox 612 2212 640 2275; x_wconf 78' lang='grc' dir='ltr'>(ι</span> <span class='ocrx_word' id='word_1_125' title='bbox 660 2212 715 2276; x_wconf 89' lang='lat' dir='ltr'>om)</span> <span class='ocrx_word' id='word_1_126' title='bbox 734 2245 743 2255; x_wconf 89' lang='lat'><em>.</em></span> <span class='ocrx_word' id='word_1_127' title='bbox 760 2205 929 2281; x_wconf 82' lang='grc' dir='ltr'>λεγόμεμομ</span> <span class='ocrx_word' id='word_1_128' title='bbox 948 2245 957 2256; x_wconf 96' lang='grc'><em>.</em></span> <span class='ocrx_word' id='word_1_129' title='bbox 977 2205 1106 2278; x_wconf 83' lang='grc' dir='ltr'>Πιλᾶτομ</span> <span class='ocrx_word' id='word_1_130' title='bbox 1125 2210 1178 2273; x_wconf 78' lang='lat' dir='ltr'><strong>(ito</strong></span> <span class='ocrx_word' id='word_1_131' title='bbox 1195 2222 1220 2268; x_wconf 85' lang='lat' dir='ltr'>o,</span> <span class='ocrx_word' id='word_1_132' title='bbox 1238 2225 1258 2262; x_wconf 82' lang='grc' dir='ltr'>ο</span> 
     </span>
     <span class='ocr_line' id='line_1_17' title="bbox 54 2288 1255 2366; baseline 0.005 -22"><span class='ocrx_word' id='word_1_133' title='bbox 54 2309 122 2359; x_wconf 84' lang='grc' dir='ltr'>-τῳ,</span> <span class='ocrx_word' id='word_1_134' title='bbox 146 2310 163 2346; x_wconf 77' lang='grc' dir='ltr'>ι</span> <span class='ocrx_word' id='word_1_135' title='bbox 183 2291 258 2363; x_wconf 82' lang='grc' dir='ltr'>μετὰ</span> <span class='ocrx_word' id='word_1_136' title='bbox 279 2288 421 2360; x_wconf 77' lang='grc' dir='ltr'><strong>Πιλάτου)</strong></span> <span class='ocrx_word' id='word_1_137' title='bbox 442 2289 668 2365; x_wconf 80' lang='grc' dir='ltr'>κατιιμὰγκασαμ</span> <span class='ocrx_word' id='word_1_138' title='bbox 694 2297 740 2360; x_wconf 77' lang='grc' dir='ltr'>(ιο</span> <span class='ocrx_word' id='word_1_139' title='bbox 759 2292 931 2366; x_wconf 80' lang='grc' dir='ltr'>-μὲγκασαμ)</span> <span class='ocrx_word' id='word_1_140' title='bbox 951 2310 1051 2360; x_wconf 88' lang='grc' dir='ltr'>σταυρ.</span> <span class='ocrx_word' id='word_1_141' title='bbox 1071 2312 1130 2346; x_wconf 87' lang='lat' dir='ltr'>com</span> <span class='ocrx_word' id='word_1_142' title='bbox 1149 2308 1205 2346; x_wconf 73' lang='lat' dir='ltr'>oon</span> <span class='ocrx_word' id='word_1_143' title='bbox 1223 2333 1255 2350; x_wconf 89' lang='lat'>..</span> 
     </span>
     <span class='ocr_line' id='line_1_18' title="bbox 54 2376 1259 2453; baseline 0.002 -23"><span class='ocrx_word' id='word_1_144' title='bbox 54 2395 71 2430; x_wconf 83' lang='grc' dir='ltr'>τι</span> <span class='ocrx_word' id='word_1_145' title='bbox 92 2389 217 2447; x_wconf 80' lang='lat' dir='ltr'><strong>corrupto</strong></span> <span class='ocrx_word' id='word_1_146' title='bbox 237 2376 321 2433; x_wconf 79' lang='grc' dir='ltr'>Κατὰ</span> <span class='ocrx_word' id='word_1_147' title='bbox 340 2377 398 2451; x_wconf 70' lang='grc' dir='ltr'>τιῖμ</span> <span class='ocrx_word' id='word_1_148' title='bbox 418 2376 509 2453; x_wconf 80' lang='grc' dir='ltr'>ᾰθεομ</span> <span class='ocrx_word' id='word_1_149' title='bbox 528 2379 589 2433; x_wconf 68' lang='grc' dir='ltr'>τΐισ</span> <span class='ocrx_word' id='word_1_150' title='bbox 606 2378 691 2449; x_wconf 67' lang='lat' dir='ltr'>wop&amp;</span> <span class='ocrx_word' id='word_1_151' title='bbox 709 2385 775 2451; x_wconf 80' lang='grc' dir='ltr'>τὼμ</span> <span class='ocrx_word' id='word_1_152' title='bbox 787 2381 873 2434; x_wconf 79' lang='grc' dir='ltr'>Ἰουό.</span> <span class='ocrx_word' id='word_1_153' title='bbox 893 2380 1123 2452; x_wconf 82' lang='grc' dir='ltr'>συμγεμαμέμιισ</span> <span class='ocrx_word' id='word_1_154' title='bbox 1139 2376 1259 2451; x_wconf 82' lang='grc' dir='ltr'>τόλμιισ</span> 
     </span>
     <span class='ocr_line' id='line_1_19' title="bbox 53 2461 1256 2538; baseline 0.002 -22"><span class='ocrx_word' id='word_1_155' title='bbox 53 2469 120 2537; x_wconf 78' lang='grc' dir='ltr'>τῶμ</span> <span class='ocrx_word' id='word_1_156' title='bbox 140 2461 197 2535; x_wconf 73' lang='grc' dir='ltr'>τιῖμ</span> <span class='ocrx_word' id='word_1_157' title='bbox 209 2464 409 2538; x_wconf 59' lang='grc' dir='ltr'>Ἰερουσαλὴμ</span> <span class='ocrx_word' id='word_1_158' title='bbox 429 2487 449 2520; x_wconf 91' lang='grc' dir='ltr'>κ.</span> <span class='ocrx_word' id='word_1_159' title='bbox 467 2464 526 2519; x_wconf 83' lang='grc' dir='ltr'>τὰσ</span> <span class='ocrx_word' id='word_1_160' title='bbox 543 2468 626 2536; x_wconf 57' lang='lat' dir='ltr'><strong>mcor}</strong></span> <span class='ocrx_word' id='word_1_161' title='bbox 642 2464 715 2520; x_wconf 80' lang='grc' dir='ltr'>ωόλ</span> <span class='ocrx_word' id='word_1_162' title='bbox 736 2466 858 2538; x_wconf 78' lang='grc' dir='ltr'>οἰκούμτ.</span> <span class='ocrx_word' id='word_1_163' title='bbox 870 2467 957 2520; x_wconf 80' lang='grc' dir='ltr'>Ἰουό.</span> <span class='ocrx_word' id='word_1_164' title='bbox 975 2467 1166 2538; x_wconf 82' lang='grc' dir='ltr'>ωαραμόμοομ</span> <span class='ocrx_word' id='word_1_165' title='bbox 1186 2463 1256 2538; x_wconf 84' lang='grc' dir='ltr'>θεόμ</span> 
     </span>
     <span class='ocr_line' id='line_1_20' title="bbox 55 2547 1256 2623; baseline 0.002 -23"><span class='ocrx_word' id='word_1_166' title='bbox 55 2567 124 2620; x_wconf 89' lang='grc' dir='ltr'>τιμα</span> <span class='ocrx_word' id='word_1_167' title='bbox 141 2550 291 2621; x_wconf 83' lang='grc' dir='ltr'>λέγομτοσ</span> <span class='ocrx_word' id='word_1_168' title='bbox 303 2550 407 2604; x_wconf 79' lang='grc' dir='ltr'>Ὶιισοῦ</span> <span class='ocrx_word' id='word_1_169' title='bbox 426 2549 710 2623; x_wconf 84' lang='grc' dir='ltr'>καταμαγκάσαμτεσ</span> <span class='ocrx_word' id='word_1_170' title='bbox 728 2554 939 2619; x_wconf 78' lang='grc' dir='ltr'>σταυρῶσαι..</span> <span class='ocrx_word' id='word_1_171' title='bbox 956 2550 1044 2621; x_wconf 73' lang='grc' dir='ltr'>ιἘμ</span> <span class='ocrx_word' id='word_1_172' title='bbox 1064 2549 1110 2617; x_wconf 80' lang='grc' dir='ltr'>τῷ</span> <span class='ocrx_word' id='word_1_173' title='bbox 1128 2547 1256 2622; x_wconf 87' lang='grc' dir='ltr'>ωαρόμτι</span> 
     </span>
     <span class='ocr_line' id='line_1_21' title="bbox 56 2634 1257 2711; baseline 0.004 -24"><span class='ocrx_word' id='word_1_174' title='bbox 56 2635 146 2705; x_wconf 82' lang='grc' dir='ltr'>καιρῷ</span> <span class='ocrx_word' id='word_1_175' title='bbox 178 2634 274 2710; x_wconf 74' lang='grc' dir='ltr'>τόλμῌ</span> <span class='ocrx_word' id='word_1_176' title='bbox 305 2636 489 2711; x_wconf 82' lang='grc' dir='ltr'>χριισάμεμοι</span> <span class='ocrx_word' id='word_1_177' title='bbox 522 2642 547 2691; x_wconf 85' lang='grc' dir='ltr'>οῖ</span> <span class='ocrx_word' id='word_1_178' title='bbox 579 2637 787 2710; x_wconf 83' lang='grc' dir='ltr'>κατοικοῡμτεσ</span> <span class='ocrx_word' id='word_1_179' title='bbox 816 2638 849 2710; x_wconf 90' lang='grc' dir='ltr'>ἐμ</span> <span class='ocrx_word' id='word_1_180' title='bbox 873 2634 1096 2709; x_wconf 83' lang='grc' dir='ltr'>Ἰεροσολύμοισ</span> <span class='ocrx_word' id='word_1_181' title='bbox 1127 2640 1169 2690; x_wconf 82' lang='grc' dir='ltr'>καί</span> <span class='ocrx_word' id='word_1_182' title='bbox 1198 2634 1257 2692; x_wconf 79' lang='grc' dir='ltr'>τὰσ</span> 
     </span>
     <span class='ocr_line' id='line_1_22' title="bbox 54 2716 1256 2795; baseline 0.001 -22"><span class='ocrx_word' id='word_1_183' title='bbox 54 2722 138 2791; x_wconf 62' lang='lat' dir='ltr'><strong>mcor}</strong></span> <span class='ocrx_word' id='word_1_184' title='bbox 156 2724 263 2791; x_wconf 83' lang='grc' dir='ltr'>χώρασ</span> <span class='ocrx_word' id='word_1_185' title='bbox 278 2721 453 2795; x_wconf 83' lang='grc' dir='ltr'>ωαρὰμομοι</span> <span class='ocrx_word' id='word_1_186' title='bbox 468 2723 604 2777; x_wconf 80' lang='grc' dir='ltr'>Ἰουδαῖοι</span> <span class='ocrx_word' id='word_1_187' title='bbox 623 2719 678 2794; x_wconf 90' lang='grc' dir='ltr'>τὸμ</span> <span class='ocrx_word' id='word_1_188' title='bbox 698 2720 767 2791; x_wconf 87' lang='grc' dir='ltr'>θεὸμ</span> <span class='ocrx_word' id='word_1_189' title='bbox 786 2719 840 2795; x_wconf 89' lang='grc' dir='ltr'>τὸμ</span> <span class='ocrx_word' id='word_1_190' title='bbox 858 2716 1162 2793; x_wconf 74' lang='grc' dir='ltr'>λεγόμεμομἹιισοῦμ</span> <span class='ocrx_word' id='word_1_191' title='bbox 1182 2720 1256 2793; x_wconf 81' lang='grc' dir='ltr'>μετὰ</span> 
     </span>
     <span class='ocr_line' id='line_1_23' title="bbox 57 2805 1255 2881; baseline 0 -21"><span class='ocrx_word' id='word_1_192' title='bbox 57 2805 189 2861; x_wconf 81' lang='grc' dir='ltr'>Πιλάτου</span> <span class='ocrx_word' id='word_1_193' title='bbox 210 2806 436 2881; x_wconf 81' lang='grc' dir='ltr'>κατιιμᾶγκασαμ</span> <span class='ocrx_word' id='word_1_194' title='bbox 457 2807 667 2880; x_wconf 69' lang='grc' dir='ltr'>σταυρωθιῖμαι</span> <span class='ocrx_word' id='word_1_195' title='bbox 684 2815 688 2874; x_wconf 86' lang='grc' dir='ltr'>Ι</span> <span class='ocrx_word' id='word_1_196' title='bbox 705 2805 749 2861; x_wconf 78' lang='grc' dir='ltr'>διὰ</span> <span class='ocrx_word' id='word_1_197' title='bbox 767 2806 822 2861; x_wconf 86' lang='grc' dir='ltr'>τοῦ</span> <span class='ocrx_word' id='word_1_198' title='bbox 841 2811 894 2876; x_wconf 76' lang='lat' dir='ltr'><strong>(ito</strong></span> <span class='ocrx_word' id='word_1_199' title='bbox 912 2823 956 2870; x_wconf 84' lang='lat' dir='ltr'>cn,</span> <span class='ocrx_word' id='word_1_200' title='bbox 975 2811 1061 2874; x_wconf 65' lang='lat' dir='ltr'><strong>rom)</strong></span> <span class='ocrx_word' id='word_1_201' title='bbox 1078 2825 1133 2862; x_wconf 92' lang='grc' dir='ltr'>τοι.</span> <span class='ocrx_word' id='word_1_202' title='bbox 1153 2807 1255 2880; x_wconf 81' lang='grc' dir='ltr'>αῡτὼμ</span> 
     </span>
     <span class='ocr_line' id='line_1_24' title="bbox 55 2889 1254 2966; baseline 0 -21"><span class='ocrx_word' id='word_1_203' title='bbox 55 2900 86 2957; x_wconf 71' lang='grc' dir='ltr'>(Α</span> <span class='ocrx_word' id='word_1_204' title='bbox 111 2896 167 2962; x_wconf 88' lang='grc' dir='ltr'>οιιι)</span> <span class='ocrx_word' id='word_1_205' title='bbox 194 2903 249 2949; x_wconf 82' lang='grc' dir='ltr'>ωλ.</span> <span class='ocrx_word' id='word_1_206' title='bbox 272 2894 307 2946; x_wconf 79' lang='grc' dir='ltr'>δι’</span> <span class='ocrx_word' id='word_1_207' title='bbox 329 2889 365 2947; x_wconf 84' lang='grc' dir='ltr'>οῦ</span> <span class='ocrx_word' id='word_1_208' title='bbox 389 2898 480 2962; x_wconf 85' lang='lat' dir='ltr'><strong>(codd.</strong></span> <span class='ocrx_word' id='word_1_209' title='bbox 504 2894 540 2946; x_wconf 73' lang='grc' dir='ltr'>δι’</span> <span class='ocrx_word' id='word_1_210' title='bbox 562 2894 620 2966; x_wconf 83' lang='grc' dir='ltr'>ὠμ)</span> <span class='ocrx_word' id='word_1_211' title='bbox 638 2930 646 2940; x_wconf 91' lang='grc'>-</span> <span class='ocrx_word' id='word_1_212' title='bbox 665 2895 777 2946; x_wconf 82' lang='grc' dir='ltr'>εἵλκετο</span> <span class='ocrx_word' id='word_1_213' title='bbox 802 2912 861 2947; x_wconf 87' lang='lat' dir='ltr'>cum</span> <span class='ocrx_word' id='word_1_214' title='bbox 885 2908 940 2947; x_wconf 68' lang='lat' dir='ltr'>oco</span> <span class='ocrx_word' id='word_1_215' title='bbox 959 2934 965 2946; x_wconf 89' lang='lat'>.</span> <span class='ocrx_word' id='word_1_216' title='bbox 984 2931 991 2946; x_wconf 92' lang='lat'><strong>.</strong></span> <span class='ocrx_word' id='word_1_217' title='bbox 1012 2909 1029 2945; x_wconf 78' lang='lat' dir='ltr'><strong>n</strong></span> <span class='ocrx_word' id='word_1_218' title='bbox 1053 2895 1101 2945; x_wconf 83' lang='grc' dir='ltr'>ὠσ</span> <span class='ocrx_word' id='word_1_219' title='bbox 1122 2889 1168 2945; x_wconf 78' lang='grc' dir='ltr'>διὰ</span> <span class='ocrx_word' id='word_1_220' title='bbox 1190 2897 1254 2964; x_wconf 80' lang='grc' dir='ltr'>τῶμ</span> 
     </span>
     <span class='ocr_line' id='line_1_25' title="bbox 54 2974 1256 3050; baseline 0.001 -22"><span class='ocrx_word' id='word_1_221' title='bbox 54 2974 206 3050; x_wconf 83' lang='grc' dir='ltr'>τοιούτωμ</span> <span class='ocrx_word' id='word_1_222' title='bbox 225 2974 503 3050; x_wconf 80' lang='grc' dir='ltr'>ωλιιμμελιιμάτοομ</span> <span class='ocrx_word' id='word_1_223' title='bbox 525 2977 632 3050; x_wconf 81' lang='grc' dir='ltr'>τέλεομ</span> <span class='ocrx_word' id='word_1_224' title='bbox 653 2980 714 3046; x_wconf 83' lang='lat' dir='ltr'><strong>(oio)</strong></span> <span class='ocrx_word' id='word_1_225' title='bbox 734 2979 751 3030; x_wconf 87' lang='grc' dir='ltr'><strong>ὁ</strong></span> <span class='ocrx_word' id='word_1_226' title='bbox 771 2974 853 3047; x_wconf 86' lang='grc' dir='ltr'>κόσμ.</span> <span class='ocrx_word' id='word_1_227' title='bbox 872 2977 1036 3030; x_wconf 80' lang='grc' dir='ltr'>σκοτισθείσ</span> <span class='ocrx_word' id='word_1_228' title='bbox 1059 2980 1103 3030; x_wconf 87' lang='grc' dir='ltr'>εῖσ</span> <span class='ocrx_word' id='word_1_229' title='bbox 1127 2976 1183 3030; x_wconf 75' lang='lat' dir='ltr'>dm.</span> <span class='ocrx_word' id='word_1_230' title='bbox 1201 2978 1256 3030; x_wconf 85' lang='grc' dir='ltr'>εἵλ·</span> 
     </span>
     <span class='ocr_line' id='line_1_26' title="bbox 54 3057 1254 3136; baseline 0.002 -21"><span class='ocrx_word' id='word_1_231' title='bbox 54 3080 123 3116; x_wconf 88' lang='grc' dir='ltr'>κετο</span> <span class='ocrx_word' id='word_1_232' title='bbox 143 3081 205 3118; x_wconf 81' lang='grc' dir='ltr'>..ιι</span> <span class='ocrx_word' id='word_1_233' title='bbox 231 3065 272 3117; x_wconf 81' lang='grc' dir='ltr'>καὶ</span> <span class='ocrx_word' id='word_1_234' title='bbox 296 3061 340 3118; x_wconf 78' lang='grc' dir='ltr'>διὰ</span> <span class='ocrx_word' id='word_1_235' title='bbox 364 3062 400 3118; x_wconf 90' lang='grc' dir='ltr'>τὸ</span> <span class='ocrx_word' id='word_1_236' title='bbox 423 3064 564 3135; x_wconf 80' lang='grc' dir='ltr'>τοιοῦτομ</span> <span class='ocrx_word' id='word_1_237' title='bbox 583 3064 795 3136; x_wconf 80' lang='grc' dir='ltr'>ωλιιμμέλιιμα</span> <span class='ocrx_word' id='word_1_238' title='bbox 810 3064 941 3116; x_wconf 82' lang='grc' dir='ltr'>τελεῑωσ</span> <span class='ocrx_word' id='word_1_239' title='bbox 959 3064 975 3116; x_wconf 87' lang='grc' dir='ltr'>ὁ</span> <span class='ocrx_word' id='word_1_240' title='bbox 995 3057 1079 3136; x_wconf 86' lang='grc' dir='ltr'>κθσμ.</span> <span class='ocrx_word' id='word_1_241' title='bbox 1098 3063 1254 3117; x_wconf 76' lang='grc' dir='ltr'>ἐσκοτίσθιι</span> 
     </span>
     <span class='ocr_line' id='line_1_27' title="bbox 55 3149 1256 3222; baseline 0 -20"><span class='ocrx_word' id='word_1_242' title='bbox 55 3151 97 3203; x_wconf 85' lang='grc' dir='ltr'>καί</span> <span class='ocrx_word' id='word_1_243' title='bbox 120 3149 197 3218; x_wconf 82' lang='grc' dir='ltr'>ωαρ’</span> <span class='ocrx_word' id='word_1_244' title='bbox 218 3151 319 3222; x_wconf 82' lang='grc' dir='ltr'>ὀλίγομ</span> <span class='ocrx_word' id='word_1_245' title='bbox 338 3156 384 3206; x_wconf 86' lang='grc' dir='ltr'>εῖσ</span> <span class='ocrx_word' id='word_1_246' title='bbox 400 3149 457 3208; x_wconf 75' lang='lat' dir='ltr'>dm.</span> <span class='ocrx_word' id='word_1_247' title='bbox 477 3152 588 3206; x_wconf 87' lang='grc' dir='ltr'>εἵλκετο</span> <span class='ocrx_word' id='word_1_248' title='bbox 616 3156 620 3218; x_wconf 87' lang='grc' dir='ltr'>Ι</span> <span class='ocrx_word' id='word_1_249' title='bbox 647 3149 712 3222; x_wconf 81' lang='grc' dir='ltr'>ἅμα</span> <span class='ocrx_word' id='word_1_250' title='bbox 728 3149 873 3203; x_wconf 63' lang='grc' dir='ltr'>ωλιῖθουσ</span> <span class='ocrx_word' id='word_1_251' title='bbox 891 3154 920 3218; x_wconf 89' lang='lat' dir='ltr'>(c</span> <span class='ocrx_word' id='word_1_252' title='bbox 938 3151 1003 3218; x_wconf 77' lang='grc' dir='ltr'>θει)</span> <span class='ocrx_word' id='word_1_253' title='bbox 1022 3192 1049 3206; x_wconf 95' lang='grc'>..</span> <span class='ocrx_word' id='word_1_254' title='bbox 1067 3168 1084 3203; x_wconf 78' lang='grc' dir='ltr'>ι</span> <span class='ocrx_word' id='word_1_255' title='bbox 1102 3150 1153 3222; x_wconf 81' lang='grc' dir='ltr'>ἅμ.</span> <span class='ocrx_word' id='word_1_256' title='bbox 1171 3149 1256 3202; x_wconf 62' lang='lat' dir='ltr'><strong>moe(-</strong></span> 
     </span>
     <span class='ocr_line' id='line_1_28' title="bbox 55 3234 1255 3310; baseline 0.003 -21"><span class='ocrx_word' id='word_1_257' title='bbox 55 3255 139 3309; x_wconf 86' lang='grc' dir='ltr'>στωμ</span> <span class='ocrx_word' id='word_1_258' title='bbox 164 3248 169 3303; x_wconf 84' lang='grc'>1</span> <span class='ocrx_word' id='word_1_259' title='bbox 194 3239 236 3290; x_wconf 79' lang='grc' dir='ltr'>καὶ</span> <span class='ocrx_word' id='word_1_260' title='bbox 262 3243 339 3310; x_wconf 84' lang='grc' dir='ltr'>αῑχμ.</span> <span class='ocrx_word' id='word_1_261' title='bbox 358 3240 469 3293; x_wconf 74' lang='grc' dir='ltr'>ἐκθέσθ.</span> <span class='ocrx_word' id='word_1_262' title='bbox 495 3244 523 3307; x_wconf 89' lang='grc' dir='ltr'>(ιι</span> <span class='ocrx_word' id='word_1_263' title='bbox 543 3248 667 3307; x_wconf 79' lang='lat' dir='ltr'><strong>corrupto</strong></span> <span class='ocrx_word' id='word_1_264' title='bbox 693 3235 746 3310; x_wconf 85' lang='grc' dir='ltr'>οὗμ</span> <span class='ocrx_word' id='word_1_265' title='bbox 769 3237 876 3310; x_wconf 77' lang='grc' dir='ltr'>θιῖσομ)</span> <span class='ocrx_word' id='word_1_266' title='bbox 901 3239 925 3294; x_wconf 78' lang='grc' dir='ltr'>ὁ.</span> <span class='ocrx_word' id='word_1_267' title='bbox 943 3256 968 3292; x_wconf 92' lang='grc' dir='ltr'>τ.</span> <span class='ocrx_word' id='word_1_268' title='bbox 985 3255 1012 3294; x_wconf 90' lang='grc' dir='ltr'>τ.</span> <span class='ocrx_word' id='word_1_269' title='bbox 1031 3234 1114 3309; x_wconf 79' lang='grc' dir='ltr'>δόγμ.</span> <span class='ocrx_word' id='word_1_270' title='bbox 1133 3256 1192 3291; x_wconf 86' lang='lat' dir='ltr'>com</span> <span class='ocrx_word' id='word_1_271' title='bbox 1211 3253 1255 3302; x_wconf 85' lang='lat' dir='ltr'>co,</span> 
     </span>
     <span class='ocr_line' id='line_1_29' title="bbox 53 3322 1255 3397; baseline -0.001 -18"><span class='ocrx_word' id='word_1_272' title='bbox 53 3331 121 3379; x_wconf 80' lang='lat' dir='ltr'>item</span> <span class='ocrx_word' id='word_1_273' title='bbox 140 3344 158 3379; x_wconf 70' lang='grc' dir='ltr'><strong>Α</strong></span> <span class='ocrx_word' id='word_1_274' title='bbox 177 3366 206 3381; x_wconf 91' lang='grc'>..</span> <span class='ocrx_word' id='word_1_275' title='bbox 227 3344 244 3380; x_wconf 77' lang='grc' dir='ltr'>τι</span> <span class='ocrx_word' id='word_1_276' title='bbox 268 3346 289 3381; x_wconf 83' lang='grc' dir='ltr'>κ.</span> <span class='ocrx_word' id='word_1_277' title='bbox 308 3327 534 3397; x_wconf 67' lang='grc' dir='ltr'>αῖχμαλοοτιῖσαι</span> <span class='ocrx_word' id='word_1_278' title='bbox 560 3324 604 3379; x_wconf 80' lang='grc' dir='ltr'>διὰ</span> <span class='ocrx_word' id='word_1_279' title='bbox 627 3344 653 3382; x_wconf 89' lang='grc' dir='ltr'>τ.</span> <span class='ocrx_word' id='word_1_280' title='bbox 671 3344 697 3382; x_wconf 91' lang='grc' dir='ltr'>τ.</span> <span class='ocrx_word' id='word_1_281' title='bbox 716 3327 799 3397; x_wconf 81' lang='grc' dir='ltr'>θόγμ.</span> <span class='ocrx_word' id='word_1_282' title='bbox 817 3322 944 3396; x_wconf 80' lang='grc' dir='ltr'>ωάμτοισ</span> <span class='ocrx_word' id='word_1_283' title='bbox 968 3322 1089 3386; x_wconf 83' lang='grc' dir='ltr'>αῦτοὺσ,</span> <span class='ocrx_word' id='word_1_284' title='bbox 1114 3330 1179 3379; x_wconf 80' lang='lat' dir='ltr'><strong>itom</strong></span> <span class='ocrx_word' id='word_1_285' title='bbox 1197 3342 1214 3378; x_wconf 81' lang='grc' dir='ltr'><strong>ι</strong></span> <span class='ocrx_word' id='word_1_286' title='bbox 1233 3344 1255 3378; x_wconf 80' lang='grc' dir='ltr'>κ,</span> 
     </span>
     <span class='ocr_line' id='line_1_30' title="bbox 54 3407 1255 3484; baseline -0.001 -22"><span class='ocrx_word' id='word_1_287' title='bbox 54 3412 296 3482; x_wconf 80' lang='grc' dir='ltr'>αῖχμαλωτεῦσαι</span> <span class='ocrx_word' id='word_1_288' title='bbox 316 3408 430 3464; x_wconf 79' lang='grc' dir='ltr'>αὐτοὺσ</span> <span class='ocrx_word' id='word_1_289' title='bbox 449 3412 654 3484; x_wconf 83' lang='grc' dir='ltr'>αῖχμαλωσῖαμ</span> <span class='ocrx_word' id='word_1_290' title='bbox 675 3407 810 3484; x_wconf 80' lang='grc' dir='ltr'>μεγὰλιιμ</span> <span class='ocrx_word' id='word_1_291' title='bbox 830 3415 834 3478; x_wconf 85' lang='grc' dir='ltr'>Ι</span> <span class='ocrx_word' id='word_1_292' title='bbox 854 3410 994 3478; x_wconf 86' lang='grc' dir='ltr'>ωειθαμχ.</span> <span class='ocrx_word' id='word_1_293' title='bbox 1013 3408 1124 3480; x_wconf 70' lang='grc' dir='ltr'>κιμιῖσαι</span> <span class='ocrx_word' id='word_1_294' title='bbox 1143 3413 1173 3476; x_wconf 74' lang='grc' dir='ltr'>(ι</span> <span class='ocrx_word' id='word_1_295' title='bbox 1192 3428 1255 3481; x_wconf 86' lang='grc' dir='ltr'>·μιι-</span> 
     </span>
     <span class='ocr_line' id='line_1_31' title="bbox 53 3493 1254 3571; baseline -0.002 -21"><span class='ocrx_word' id='word_1_296' title='bbox 53 3501 124 3569; x_wconf 90' lang='grc' dir='ltr'>σομ)</span> <span class='ocrx_word' id='word_1_297' title='bbox 153 3499 194 3551; x_wconf 81' lang='grc' dir='ltr'>καί</span> <span class='ocrx_word' id='word_1_298' title='bbox 222 3500 254 3571; x_wconf 88' lang='grc' dir='ltr'>ἐμ</span> <span class='ocrx_word' id='word_1_299' title='bbox 273 3535 282 3547; x_wconf 90' lang='grc'><strong>.</strong></span> <span class='ocrx_word' id='word_1_300' title='bbox 301 3493 435 3553; x_wconf 62' lang='lat' dir='ltr'><strong>&amp;mdccc</strong></span> <span class='ocrx_word' id='word_1_301' title='bbox 459 3502 488 3567; x_wconf 75' lang='lat' dir='ltr'>(A</span> <span class='ocrx_word' id='word_1_302' title='bbox 507 3520 549 3554; x_wconf 86' lang='lat' dir='ltr'>om</span> <span class='ocrx_word' id='word_1_303' title='bbox 574 3501 615 3552; x_wconf 85' lang='grc' dir='ltr'>καί</span> <span class='ocrx_word' id='word_1_304' title='bbox 634 3499 667 3570; x_wconf 92' lang='grc' dir='ltr'>ἐμ</span> <span class='ocrx_word' id='word_1_305' title='bbox 689 3518 749 3568; x_wconf 77' lang='lat' dir='ltr'><strong>uoq.</strong></span> <span class='ocrx_word' id='word_1_306' title='bbox 767 3496 909 3564; x_wconf 83' lang='grc' dir='ltr'>ἁωάσιισ)</span> <span class='ocrx_word' id='word_1_307' title='bbox 933 3498 1071 3565; x_wconf 59' lang='grc' dir='ltr'>ἐκὸιώμασ</span> <span class='ocrx_word' id='word_1_308' title='bbox 1094 3501 1123 3564; x_wconf 79' lang='grc' dir='ltr'>(ι</span> <span class='ocrx_word' id='word_1_309' title='bbox 1149 3498 1189 3549; x_wconf 84' lang='grc' dir='ltr'>καῖ</span> <span class='ocrx_word' id='word_1_310' title='bbox 1213 3496 1254 3548; x_wconf 92' lang='grc' dir='ltr'>ἐκ-</span> 
     </span>
     <span class='ocr_line' id='line_1_32' title="bbox 53 3579 1255 3655; baseline 0.001 -20"><span class='ocrx_word' id='word_1_311' title='bbox 53 3583 159 3654; x_wconf 64' lang='grc' dir='ltr'>δὶοοῑομ</span> <span class='ocrx_word' id='word_1_312' title='bbox 179 3582 364 3650; x_wconf 81' lang='grc' dir='ltr'>αὐτοὺσκαὶ)</span> <span class='ocrx_word' id='word_1_313' title='bbox 384 3585 474 3655; x_wconf 58' lang='grc' dir='ltr'>ὁέιμομ</span> <span class='ocrx_word' id='word_1_314' title='bbox 498 3621 507 3631; x_wconf 87' lang='grc'><strong>-</strong></span> <span class='ocrx_word' id='word_1_315' title='bbox 532 3585 573 3637; x_wconf 84' lang='grc' dir='ltr'>ἐτι</span> <span class='ocrx_word' id='word_1_316' title='bbox 599 3589 690 3651; x_wconf 84' lang='lat' dir='ltr'>(codd.</span> <span class='ocrx_word' id='word_1_317' title='bbox 709 3584 772 3652; x_wconf 69' lang='grc' dir='ltr'>ἐωθ</span> <span class='ocrx_word' id='word_1_318' title='bbox 795 3583 887 3637; x_wconf 77' lang='grc' dir='ltr'>τοῦτο</span> <span class='ocrx_word' id='word_1_319' title='bbox 907 3619 915 3630; x_wconf 88' lang='grc'>-</span> <span class='ocrx_word' id='word_1_320' title='bbox 936 3579 1144 3653; x_wconf 82' lang='grc' dir='ltr'>τυγχάμομτεσ</span> <span class='ocrx_word' id='word_1_321' title='bbox 1162 3596 1255 3636; x_wconf 83' lang='lat' dir='ltr'><strong>cume</strong></span> 
     </span>
     <span class='ocr_line' id='line_1_33' title="bbox 51 3667 1254 3742; baseline -0.004 -19"><span class='ocrx_word' id='word_1_322' title='bbox 51 3674 129 3737; x_wconf 72' lang='lat' dir='ltr'><strong>(pout</strong></span> <span class='ocrx_word' id='word_1_323' title='bbox 160 3669 289 3740; x_wconf 74' lang='grc' dir='ltr'>ὄῴθιῖμαι</span> <span class='ocrx_word' id='word_1_324' title='bbox 318 3673 423 3736; x_wconf 78' lang='lat' dir='ltr'><strong>deficit)</strong></span> <span class='ocrx_word' id='word_1_325' title='bbox 446 3688 478 3733; x_wconf 83' lang='grc' dir='ltr'>ο,</span> <span class='ocrx_word' id='word_1_326' title='bbox 503 3689 520 3725; x_wconf 70' lang='grc' dir='ltr'>ι</span> <span class='ocrx_word' id='word_1_327' title='bbox 545 3710 552 3724; x_wconf 92' lang='grc'><strong>.</strong></span> <span class='ocrx_word' id='word_1_328' title='bbox 576 3711 583 3724; x_wconf 93' lang='grc'><strong>.</strong></span> <span class='ocrx_word' id='word_1_329' title='bbox 610 3687 628 3723; x_wconf 77' lang='grc' dir='ltr'>ιι</span> <span class='ocrx_word' id='word_1_330' title='bbox 654 3671 830 3742; x_wconf 80' lang='grc' dir='ltr'>ωειθαρχῶμ</span> <span class='ocrx_word' id='word_1_331' title='bbox 859 3667 913 3741; x_wconf 79' lang='grc' dir='ltr'>οὖμ</span> <span class='ocrx_word' id='word_1_332' title='bbox 940 3667 987 3735; x_wconf 81' lang='grc' dir='ltr'>τῷ</span> <span class='ocrx_word' id='word_1_333' title='bbox 1014 3668 1136 3739; x_wconf 74' lang='grc' dir='ltr'>δόγματι</span> <span class='ocrx_word' id='word_1_334' title='bbox 1163 3669 1254 3737; x_wconf 69' lang='grc' dir='ltr'>ιῖμὼμ</span> 
     </span>
     <span class='ocr_line' id='line_1_34' title="bbox 53 3750 1256 3826; baseline -0.003 -19"><span class='ocrx_word' id='word_1_335' title='bbox 53 3756 176 3824; x_wconf 80' lang='grc' dir='ltr'>κῑμιισομ</span> <span class='ocrx_word' id='word_1_336' title='bbox 202 3754 262 3807; x_wconf 83' lang='grc' dir='ltr'>κατ’</span> <span class='ocrx_word' id='word_1_337' title='bbox 284 3754 378 3807; x_wconf 76' lang='grc' dir='ltr'>αὐτοῦ</span> <span class='ocrx_word' id='word_1_338' title='bbox 404 3759 520 3825; x_wconf 78' lang='lat' dir='ltr'><strong>(corrige</strong></span> <span class='ocrx_word' id='word_1_339' title='bbox 539 3760 628 3826; x_wconf 80' lang='grc' dir='ltr'>·τῶμ)</span> <span class='ocrx_word' id='word_1_340' title='bbox 654 3757 695 3808; x_wconf 77' lang='grc' dir='ltr'>καί</span> <span class='ocrx_word' id='word_1_341' title='bbox 720 3754 764 3809; x_wconf 78' lang='grc' dir='ltr'>διὰ</span> <span class='ocrx_word' id='word_1_342' title='bbox 783 3753 894 3824; x_wconf 81' lang='grc' dir='ltr'>ωειμὰσ</span> <span class='ocrx_word' id='word_1_343' title='bbox 912 3759 974 3823; x_wconf 79' lang='lat' dir='ltr'><strong>(sic)</strong></span> <span class='ocrx_word' id='word_1_344' title='bbox 994 3750 1108 3807; x_wconf 77' lang='grc' dir='ltr'>αὐτούσ</span> <span class='ocrx_word' id='word_1_345' title='bbox 1125 3753 1256 3824; x_wconf 77' lang='grc' dir='ltr'>θέμεμοσ</span> 
     </span>
     <span class='ocr_line' id='line_1_35' title="bbox 50 3835 1254 3912; baseline -0.002 -21"><span class='ocrx_word' id='word_1_346' title='bbox 50 3835 264 3910; x_wconf 83' lang='grc' dir='ltr'>θιασκὸρωισομ</span> <span class='ocrx_word' id='word_1_347' title='bbox 289 3838 404 3891; x_wconf 82' lang='grc' dir='ltr'>αῦτοὺσ</span> <span class='ocrx_word' id='word_1_348' title='bbox 427 3841 459 3909; x_wconf 88' lang='grc' dir='ltr'>ἐμ</span> <span class='ocrx_word' id='word_1_349' title='bbox 482 3839 559 3893; x_wconf 84' lang='grc' dir='ltr'>ωᾶσ.</span> <span class='ocrx_word' id='word_1_350' title='bbox 578 3858 604 3891; x_wconf 92' lang='grc' dir='ltr'>τ.</span> <span class='ocrx_word' id='word_1_351' title='bbox 625 3839 684 3911; x_wconf 84' lang='grc' dir='ltr'>ἐθμ.</span> <span class='ocrx_word' id='word_1_352' title='bbox 705 3841 897 3912; x_wconf 79' lang='grc' dir='ltr'>καταθουλῶμ</span> <span class='ocrx_word' id='word_1_353' title='bbox 918 3837 1032 3892; x_wconf 81' lang='grc' dir='ltr'>αὐτοὺσ</span> <span class='ocrx_word' id='word_1_354' title='bbox 1050 3839 1091 3890; x_wconf 83' lang='grc' dir='ltr'>καὶ</span> <span class='ocrx_word' id='word_1_355' title='bbox 1109 3835 1254 3890; x_wconf 65' lang='grc' dir='ltr'>τέισἸου·</span> 
     </span>
     <span class='ocr_line' id='line_1_36' title="bbox 50 3919 1252 3998; baseline -0.002 -22"><span class='ocrx_word' id='word_1_356' title='bbox 50 3925 141 3976; x_wconf 82' lang='grc' dir='ltr'>θαίασ</span> <span class='ocrx_word' id='word_1_357' title='bbox 157 3921 284 3995; x_wconf 79' lang='grc' dir='ltr'>ωόμτασ</span> <span class='ocrx_word' id='word_1_358' title='bbox 301 3926 441 3993; x_wconf 61' lang='grc' dir='ltr'>ἑκθιώῖασ</span> <span class='ocrx_word' id='word_1_359' title='bbox 459 3922 617 3996; x_wconf 79' lang='grc' dir='ltr'>ὀλιγοστθμ</span> <span class='ocrx_word' id='word_1_360' title='bbox 636 3922 672 3977; x_wconf 88' lang='grc' dir='ltr'>τὸ</span> <span class='ocrx_word' id='word_1_361' title='bbox 691 3926 751 3998; x_wconf 80' lang='grc' dir='ltr'>ἐθμ.</span> <span class='ocrx_word' id='word_1_362' title='bbox 771 3925 835 3979; x_wconf 83' lang='grc' dir='ltr'>αῡτ.</span> <span class='ocrx_word' id='word_1_363' title='bbox 854 3925 956 3993; x_wconf 53' lang='lat' dir='ltr'>oestuo,</span> <span class='ocrx_word' id='word_1_364' title='bbox 975 3923 1027 3994; x_wconf 73' lang='grc' dir='ltr'>ἐφ’</span> <span class='ocrx_word' id='word_1_365' title='bbox 1047 3923 1104 3978; x_wconf 83' lang='grc' dir='ltr'>ἅω.</span> <span class='ocrx_word' id='word_1_366' title='bbox 1123 3919 1162 3994; x_wconf 62' lang='grc' dir='ltr'>μιῖ</span> <span class='ocrx_word' id='word_1_367' title='bbox 1182 3921 1252 3992; x_wconf 80' lang='grc' dir='ltr'>ὀῴθ.</span> 
     </span>
     <span class='ocr_line' id='line_1_37' title="bbox 50 4008 1254 4084; baseline -0.003 -20"><span class='ocrx_word' id='word_1_368' title='bbox 50 4013 86 4082; x_wconf 88' lang='grc' dir='ltr'>ἐμ</span> <span class='ocrx_word' id='word_1_369' title='bbox 106 4011 216 4082; x_wconf 80' lang='grc' dir='ltr'>ἁμέσει,</span> <span class='ocrx_word' id='word_1_370' title='bbox 235 4010 341 4064; x_wconf 78' lang='grc' dir='ltr'>ἐωειὸιῖ</span> <span class='ocrx_word' id='word_1_371' title='bbox 360 4028 428 4064; x_wconf 88' lang='grc' dir='ltr'>τοισ</span> <span class='ocrx_word' id='word_1_372' title='bbox 445 4028 557 4084; x_wconf 83' lang='grc' dir='ltr'>ωομοισ</span> <span class='ocrx_word' id='word_1_373' title='bbox 576 4029 612 4084; x_wconf 88' lang='grc' dir='ltr'>με</span> <span class='ocrx_word' id='word_1_374' title='bbox 631 4016 747 4081; x_wconf 80' lang='lat' dir='ltr'><strong>(corrige</strong></span> <span class='ocrx_word' id='word_1_375' title='bbox 766 4011 826 4065; x_wconf 67' lang='grc' dir='ltr'>τιῖσ</span> <span class='ocrx_word' id='word_1_376' title='bbox 841 4012 997 4083; x_wconf 82' lang='grc' dir='ltr'>ωομιιμίασ</span> <span class='ocrx_word' id='word_1_377' title='bbox 1015 4010 1128 4081; x_wconf 76' lang='grc' dir='ltr'>μεστοὶ)</span> <span class='ocrx_word' id='word_1_378' title='bbox 1146 4008 1254 4076; x_wconf 85' lang='grc' dir='ltr'>τυγχοί·</span> 
     </span>
     <span class='ocr_line' id='line_1_38' title="bbox 51 4093 1253 4170; baseline -0.002 -22"><span class='ocrx_word' id='word_1_379' title='bbox 51 4113 156 4170; x_wconf 84' lang='grc' dir='ltr'>μουσιμ</span> <span class='ocrx_word' id='word_1_380' title='bbox 181 4136 187 4148; x_wconf 92' lang='grc'>.</span> <span class='ocrx_word' id='word_1_381' title='bbox 208 4135 215 4150; x_wconf 83' lang='grc'><strong>.</strong></span> <span class='ocrx_word' id='word_1_382' title='bbox 239 4115 255 4151; x_wconf 78' lang='lat'>1</span> <span class='ocrx_word' id='word_1_383' title='bbox 279 4103 478 4167; x_wconf 77' lang='lat' dir='ltr'><strong>corruptissime</strong></span> <span class='ocrx_word' id='word_1_384' title='bbox 506 4095 550 4151; x_wconf 78' lang='grc' dir='ltr'>διὰ</span> <span class='ocrx_word' id='word_1_385' title='bbox 573 4095 609 4151; x_wconf 89' lang='grc' dir='ltr'>τὸ</span> <span class='ocrx_word' id='word_1_386' title='bbox 635 4096 674 4169; x_wconf 67' lang='grc' dir='ltr'>μιῖ</span> <span class='ocrx_word' id='word_1_387' title='bbox 700 4099 870 4170; x_wconf 67' lang='grc' dir='ltr'>αιειθαμχιῖμ</span> <span class='ocrx_word' id='word_1_388' title='bbox 894 4115 929 4150; x_wconf 91' lang='grc' dir='ltr'>σε</span> <span class='ocrx_word' id='word_1_389' title='bbox 956 4102 1073 4167; x_wconf 76' lang='lat' dir='ltr'><strong>(corrige</strong></span> <span class='ocrx_word' id='word_1_390' title='bbox 1090 4093 1253 4164; x_wconf 74' lang='grc' dir='ltr'>ωειθαμχΐι-</span> 
     </span>
     <span class='ocr_line' id='line_1_39' title="bbox 50 4175 1254 4256; baseline -0.005 -21"><span class='ocrx_word' id='word_1_391' title='bbox 50 4185 114 4249; x_wconf 90' lang='grc' dir='ltr'>σαι)</span> <span class='ocrx_word' id='word_1_392' title='bbox 136 4180 182 4247; x_wconf 80' lang='grc' dir='ltr'>τῷ</span> <span class='ocrx_word' id='word_1_393' title='bbox 208 4183 346 4253; x_wconf 81' lang='grc' dir='ltr'>ιἰμετέρῳ</span> <span class='ocrx_word' id='word_1_394' title='bbox 370 4182 493 4254; x_wconf 74' lang='grc' dir='ltr'>δόγματι</span> <span class='ocrx_word' id='word_1_395' title='bbox 519 4185 560 4235; x_wconf 84' lang='grc' dir='ltr'>καῖ</span> <span class='ocrx_word' id='word_1_396' title='bbox 587 4182 714 4236; x_wconf 75' lang='grc' dir='ltr'>ωοιιῖσαι</span> <span class='ocrx_word' id='word_1_397' title='bbox 743 4185 890 4256; x_wconf 79' lang='grc' dir='ltr'>(ωοῑιισομ</span> <span class='ocrx_word' id='word_1_398' title='bbox 915 4187 1012 4236; x_wconf 74' lang='lat' dir='ltr'><strong>omino</strong></span> <span class='ocrx_word' id='word_1_399' title='bbox 1039 4181 1112 4247; x_wconf 75' lang='grc' dir='ltr'>καῐῖ)</span> <span class='ocrx_word' id='word_1_400' title='bbox 1140 4175 1254 4233; x_wconf 83' lang='grc' dir='ltr'>αῦτούσ</span> 
     </span>
     <span class='ocr_line' id='line_1_40' title="bbox 50 4264 1251 4343; baseline -0.004 -20"><span class='ocrx_word' id='word_1_401' title='bbox 50 4272 97 4323; x_wconf 80' lang='grc' dir='ltr'>εἰσ</span> <span class='ocrx_word' id='word_1_402' title='bbox 116 4267 298 4342; x_wconf 83' lang='grc' dir='ltr'>ὁιασωορὰμ,</span> <span class='ocrx_word' id='word_1_403' title='bbox 320 4272 353 4341; x_wconf 88' lang='grc' dir='ltr'>ἐμ</span> <span class='ocrx_word' id='word_1_404' title='bbox 373 4275 487 4341; x_wconf 75' lang='lat' dir='ltr'><strong>(corrige</strong></span> <span class='ocrx_word' id='word_1_405' title='bbox 508 4269 560 4343; x_wconf 69' lang='grc' dir='ltr'>μιῖ)</span> <span class='ocrx_word' id='word_1_406' title='bbox 581 4271 748 4343; x_wconf 77' lang='grc' dir='ltr'>ὀῴθείιισαμ</span> <span class='ocrx_word' id='word_1_407' title='bbox 769 4272 801 4342; x_wconf 88' lang='grc' dir='ltr'>ἐμ</span> <span class='ocrx_word' id='word_1_408' title='bbox 823 4276 891 4324; x_wconf 80' lang='grc' dir='ltr'>ταῖσ</span> <span class='ocrx_word' id='word_1_409' title='bbox 913 4266 1043 4340; x_wconf 81' lang='grc' dir='ltr'>ωόλεσιμ</span> <span class='ocrx_word' id='word_1_410' title='bbox 1069 4267 1184 4337; x_wconf 81' lang='grc' dir='ltr'>αῡτῶμ,</span> <span class='ocrx_word' id='word_1_411' title='bbox 1208 4264 1251 4318; x_wconf 91' lang='grc' dir='ltr'>ὄτι</span> 
     </span>
     <span class='ocr_line' id='line_1_41' title="bbox 47 4354 582 4431; baseline 0.007 -23"><span class='ocrx_word' id='word_1_412' title='bbox 47 4358 208 4431; x_wconf 79' lang='grc' dir='ltr'>ωομιιρῑασ</span> <span class='ocrx_word' id='word_1_413' title='bbox 226 4354 356 4425; x_wconf 67' lang='grc' dir='ltr'>ωλιῖρεισ</span> <span class='ocrx_word' id='word_1_414' title='bbox 373 4354 582 4428; x_wconf 84' lang='grc' dir='ltr'>τυγχὰμουσιμ.</span> 
     </span>
    </p>

    <p class='ocr_par' dir='ltr' id='par_1_6' title="bbox 139 4437 1253 4517">
     <span class='ocr_line' id='line_1_42' title="bbox 139 4437 1253 4517; baseline -0.008 -17"><span class='ocrx_word' id='word_1_415' title='bbox 139 4450 164 4500; x_wconf 84' lang='grc'>7.</span> <span class='ocrx_word' id='word_1_416' title='bbox 183 4445 356 4517; x_wconf 80' lang='grc' dir='ltr'>ιλικῑμμιοσ</span> <span class='ocrx_word' id='word_1_417' title='bbox 372 4447 376 4510; x_wconf 88' lang='grc' dir='ltr'>Ι</span> <span class='ocrx_word' id='word_1_418' title='bbox 392 4445 424 4515; x_wconf 87' lang='grc' dir='ltr'>ἐμ</span> <span class='ocrx_word' id='word_1_419' title='bbox 440 4444 592 4516; x_wconf 80' lang='grc' dir='ltr'>ἆμαλώσει</span> <span class='ocrx_word' id='word_1_420' title='bbox 612 4449 672 4513; x_wconf 87' lang='lat' dir='ltr'><strong>(pro</strong></span> <span class='ocrx_word' id='word_1_421' title='bbox 691 4449 734 4498; x_wconf 76' lang='lat' dir='ltr'>hio</span> <span class='ocrx_word' id='word_1_422' title='bbox 753 4461 769 4496; x_wconf 78' lang='lat' dir='ltr'><strong>n</strong></span> <span class='ocrx_word' id='word_1_423' title='bbox 788 4448 881 4512; x_wconf 80' lang='lat' dir='ltr'><strong>inopte</strong></span> <span class='ocrx_word' id='word_1_424' title='bbox 901 4442 1000 4514; x_wconf 75' lang='grc' dir='ltr'>εἵωεμ)</span> <span class='ocrx_word' id='word_1_425' title='bbox 1017 4439 1084 4511; x_wconf 82' lang='grc' dir='ltr'>ωθμ</span> <span class='ocrx_word' id='word_1_426' title='bbox 1104 4475 1112 4486; x_wconf 88' lang='lat'>-</span> <span class='ocrx_word' id='word_1_427' title='bbox 1131 4437 1253 4491; x_wconf 77' lang='grc' dir='ltr'>ἐωοὶιισ.</span> 
     </span>
    </p>
   </div>
   <div class='ocr_carea' id='block_1_5' title="bbox 0 0 1444 5062">
    <p class='ocr_par' dir='ltr' id='par_1_7' title="bbox 0 0 1444 5062">
     <span class='ocr_line' id='line_1_43' title="bbox 0 0 1444 5062; baseline 0 1"><span class='ocrx_word' id='word_1_428' title='bbox 0 0 1444 5062; x_wconf 95' lang='lat' dir='ltr'> </span> 
     </span>
    </p>
   </div>
  </div>
 </body>
</html>
