2880 5062
298 364 531 416 uvauonmuu
549 365 740 416 rurrurmn
757 364 949 417 enimcum.
983 366 1050 416 xm.
1069 366 1153 417 xnn.
1263 366 1332 430 203.

115 519 243 580 autem
263 514 503 598 respondisset
522 514 684 581 dominus
700 515 819 598 Iesus,
842 516 932 582 filios
951 516 1096 582 Israelis
1112 516 1327 601 Aethiopum

118 613 239 683 instar
261 638 338 684 esse
363 619 458 684 inter
480 618 645 701 populos,
673 619 837 684 dixerunt
860 620 1038 685 mulieres:
1079 619 1149 703 Tu,
1176 621 1327 703 domine,

120 722 244 787 omnia
264 722 358 787 nosti
379 742 492 806 neque
514 728 548 786 te
566 723 752 806 quicquam
769 723 872 804 latet3
895 743 988 787 nunc
1006 744 1086 789 vero
1108 730 1143 789 te
1165 744 1327 808 rogamus

122 827 162 886 et
183 844 205 888 a
218 825 349 908 pietate
365 831 428 891 tua
442 826 594 908 petimus
616 831 656 891 ut
670 846 799 909 pueros
821 827 907 892 istos
928 846 1043 893 servos
1059 835 1137 893 tuos
1158 829 1195 892 in
1211 828 1329 911 pristi-

128 944 210 993 num
233 929 387 1012 ipsorum
413 934 540 994 statum
564 929 743 995 restituas.
788 929 890 996 Dixit
914 950 997 1014 ergo
1023 931 1184 996 dominus
1209 930 1326 996 Iasus:

133 1025 273 1112 Adeste,
294 1032 441 1115 opucri,
460 1039 500 1097 ut
517 1031 683 1098 abeamus
702 1040 736 1099 et
751 1033 927 1115 ludamns;
950 1038 985 1100 et
1001 1034 1173 1118 extemplo
1189 1034 1329 1099 adstan-

134 1130 223 1199 tibus
238 1134 334 1201 hisce
352 1132 492 1200 feminis
509 1135 613 1201 haedi
630 1137 666 1201 in
683 1157 810 1220 pueros
829 1139 952 1202 mutati
970 1145 1061 1203 sunt.

604 1357 725 1425 Oarnr
748 1358 847 1424 XLI.

216 1527 335 1595 Mense
355 1536 471 1595 autem
486 1529 587 1596 Adar
601 1531 704 1597 Iasus
726 1533 762 1596 in
778 1530 917 1597 modum
933 1532 1026 1614 regis
1042 1551 1170 1615 pueros
1188 1554 1329 1617 congre-

151 1632 236 1713 garit:
260 1631 314 1699 illi
335 1641 449 1701 vestes
471 1657 552 1701 suas
577 1635 674 1700 humi
697 1641 908 1718 straverunt,
933 1637 1009 1719 ipse
1039 1656 1145 1719 super
1169 1656 1228 1702 eas
1250 1657 1330 1702 con-

150 1733 233 1800 sedit.
265 1736 353 1802 'lum
370 1758 532 1804 coronam
557 1758 598 1804 ex
619 1738 764 1804 floribus
784 1746 977 1805 consertam
995 1739 1104 1822 capiti
1126 1740 1201 1805 eius
1223 1741 1329 1824 impo-

79 1900 82 1913 ,
151 1849 274 1906 suerunt
294 1848 329 1907 et
344 1841 640 1907 cubiculariorum
662 1843 773 1908 instar
788 1843 862 1926 regi
881 1843 1096 1909 adstantium
1118 1843 1275 1909 adextra
1295 1850 1329 1910 et

151 1939 271 2009 sinistra
286 1965 401 2011 coram
417 1947 494 2029 ipso
516 1947 758 2012 constiterunt.
790 1943 1010 2029 Quicumque
1030 1951 1146 2011 autem
1162 1947 1329 2029 perviam

151 2040 228 2109 illam
249 2048 434 2131 transibat,
460 2048 560 2114 illum
584 2050 617 2113 vi
641 2048 893 2115 abstrahebant
916 2049 1016 2132 pueri
1045 2049 1216 2114 dicentes:
1248 2048 1329 2113 Huc

152 2142 218 2211 ades
233 2156 264 2214 et
278 2171 395 2235 regem
412 2152 529 2235 adora,
548 2151 675 2217 deinde
692 2151 728 2217 in
745 2153 800 2217 via
815 2159 876 2217 tua
894 2174 1011 2237 perge.

595 2372 717 2439 Oarnr
739 2374 860 2440 XLII.

219 2540 368 2626 Interea,
390 2544 471 2609 dum
492 2545 579 2611 haec
600 2547 826 2630 gerebantur,
850 2547 1065 2613 accedebant
1082 2549 1148 2613 viri
1164 2549 1224 2633 qui
1246 2571 1329 2633 pue-

153 2656 211 2708 rum
224 2648 412 2731 gestabant.
435 2647 506 2713 Hic
524 2648 616 2714 enim
625 2671 714 2733 puer
728 2650 826 2734 ligna
840 2651 1015 2733 petiturus
1028 2670 1105 2714 cum
1120 2652 1328 2736 aequalibus

153 2744 208 2810 tuis
226 2751 258 2817 in
275 2758 428 2818 montem
448 2752 673 2834 discesserat;
695 2753 746 2818 ibi
761 2773 841 2818 vero
864 2774 941 2818 cum
963 2751 1117 2837 perdicis
1134 2754 1253 2820 nidum
1277 2755 1328 2820 in·
1418 2798 1422 2809 ·

152 2851 293 2940 venisset,
316 2863 351 2922 et
371 2877 511 2922 manum
532 2877 629 2921 suam
652 2862 690 2921 ut
710 2876 773 2921 ova
795 2855 920 2921 exinde
939 2855 1082 2921 tolleret
1104 2857 1327 2940 extendisset,

151 2963 270 3036 ⁸0rpens
287 2981 366 3026 eum
382 2958 555 3044 malignus
573 2980 616 3024 ex
630 2958 745 3024 medio
763 2957 846 3024 nido
863 2959 1023 3042 pupugit,
1040 2960 1089 3024 ita
1105 2966 1144 3024 ut
1160 2959 1329 3025 auxilium

150 3049 320 3130 advocaret.
345 3061 492 3129 Sodales
504 3082 582 3126 cum
592 3082 739 3145 propere
751 3062 993 3144 accessissent,
1009 3062 1328 3129 inveneruntillum
1364 3085 1371 3099 ‘¹

148 3147 175 3215 in
187 3163 272 3232 terra
286 3167 460 3232 iacentem
475 3166 604 3231 mortui
620 3165 747 3247 instar;
769 3171 842 3230 tum
858 3171 1029 3230 venerunt
1046 3167 1235 3250 propinqui
1252 3169 1328 3234 eius

87 3246 94 3267 ¹
146 3272 274 3353 elimque
299 3272 337 3336 in
363 3270 484 3336 urbem
510 3269 733 3335 referendum
759 3269 988 3335 sustulerunt.
1033 3269 1224 3354 Postquam
1248 3291 1328 3337 vero

143 3372 357 3441 leuauerant
375 3373 420 3440 ad
436 3375 550 3440 locum
571 3393 649 3439 eum
670 3373 707 3438 in
728 3394 796 3457 quo
819 3373 981 3438 dominus
996 3372 1099 3439 Iesus
1120 3394 1213 3439 more
1237 3376 1329 3458 regis

140 3471 311 3564 reSidebat,
329 3481 529 3564 caeterique
546 3480 649 3563 pueri
664 3478 903 3545 ministrorum
919 3479 1032 3544 instar
1046 3476 1329 3560 circumstabant,

91 3626 96 3649 .
138 3578 229 3647 Pueri
242 3604 390 3668 propere
413 3582 549 3649 obviam
569 3587 819 3666 processerunt
842 3581 875 3646 ei
893 3581 953 3665 qui
974 3603 994 3646 a
1016 3587 1177 3665 serpente
1195 3602 1329 3646 morsus

138 3681 207 3746 erat
221 3693 252 3752 et
268 3687 433 3753 dixerunt
447 3686 655 3770 propinquis
679 3686 770 3752 eius:
805 3683 911 3768 Agite
930 3685 1079 3750 salutate
1096 3705 1223 3769 regem.
1259 3681 1330 3749 Sed

137 3785 368 3874 ⁰¹1mpr0pter
389 3810 581 3856 moerorem
604 3791 640 3854 in
661 3810 729 3873 quo
745 3789 976 3854 versabantur
996 3787 1163 3854 accedere
1184 3788 1329 3872 nollent,

133 3885 228 3954 lueri
243 3913 300 3959 eos
317 3892 444 3959 invitos
461 3894 493 3959 vi
510 3892 766 3958 abstraxerunt.
796 3891 845 3957 Et
861 3913 938 3957 cnm
957 3892 1002 3957 ad
1018 3891 1197 3958 dominum
1212 3889 1331 3958 Iesum

131 3985 374 4082 P0rrenissent,
393 3997 526 4081 rogarit
541 3996 601 4061 ille
614 4017 721 4080 qnare
737 3994 831 4060 bunc
840 4015 988 4079 puerum
999 4002 1187 4080 gestarent.
1210 3994 1329 4080 Atque

131 4071 204 4158 lllis
222 4099 513 4185 respondentibus
536 4099 627 4184 quod
649 4120 793 4184 serpens
819 4099 935 4183 ipsum
956 4099 1217 4182 momordisset,
1243 4100 1332 4165 dixit

130 4170 284 4269 lominus
303 4202 405 4271 Iesus
425 4203 561 4289 pueris:
592 4203 723 4269 Eamus
745 4211 784 4270 ut
805 4209 1004 4287 serpentem
1026 4202 1126 4269 illum
1147 4202 1333 4270 interficia·

129 4295 219 4367 ”¹¹18-
243 4307 462 4393 Rogantibus
478 4328 558 4373 vcro
575 4306 782 4391 parentibus
803 4308 905 4391 pueri
929 4313 969 4372 ut
989 4307 1085 4374 abire
1109 4328 1145 4373 se
1163 4309 1330 4391 sinerent,

130 4400 341 4446 κ.-

204 4494 263 4550 ltu
282 4503 374 4553 deinde
385 4504 413 4552 ia
424 4503 468 4552 oia
480 4506 525 4552 tua
532 4516 628 4566 perpe.-
647 4503 686 4551 ite
699 4500 740 4552 lu.
753 4517 802 4566 pro
814 4501 921 4567 rtfelr'a
933 4502 980 4552 libi
991 4502 1042 4552 iter
1053 4500 1187 4565 contiapat
