2896 5062
119 397 223 442 xm
583 374 855 426 PROBEGOHBNA.

226 573 288 640 IV.
332 571 565 639 HISTORIA
587 570 784 638 IOSEPHI
805 569 956 636 FABRI
976 567 1217 637 LIGNARII.

207 710 394 775 Historiam
409 708 544 792 Iosephi
562 709 649 774 fabri
665 709 800 792 lignarii
817 706 922 773 latine
941 707 1113 789 edidimus,
1133 712 1315 789 repetentes

120 821 429 904 interpretationem
456 820 597 885 Wallini
627 820 666 885 de
699 820 834 884 arabico
862 819 1001 902 factam,
1032 817 1119 902 apud
1147 816 1316 883 Thilonem

121 954 201 997 cura
230 931 366 997 Aemilii
398 930 565 1014 Roedigor
602 931 779 1014 aliquoties
816 936 987 995 mutatam.
1044 929 1214 994 Arabicus
1246 949 1315 994 vero

119 1048 231 1109 textus
260 1049 293 1108 et
319 1043 390 1126 ipse
414 1042 527 1107 deberi
549 1040 680 1107 videtur
706 1042 881 1124 interpreti
909 1042 1019 1125 operis
1044 1040 1172 1124 coptice
1197 1039 1317 1123 scripti

121 1153 218 1241 Quod
241 1176 341 1239 quam
369 1158 458 1217 recte
487 1174 561 1218 cum
584 1152 724 1218 Thilone
753 1159 787 1217 et
804 1151 988 1217 Dulaurier
1016 1152 1103 1233 (vide
1125 1151 1228 1233 infra)
1260 1155 1319 1215 sta·

120 1271 264 1347 tuamne,
293 1265 437 1347 primum
464 1264 625 1346 probatur
652 1263 821 1328 codicibus
851 1264 989 1346 copticis
1016 1262 1139 1345 partim
1162 1262 1320 1346 memphi·

120 1378 204 1442 ticae
227 1377 349 1459 partim
373 1373 538 1439 sahidicae
564 1373 699 1439 dialecti
715 1375 834 1457 quibus
857 1373 938 1439 haec
959 1373 1101 1439 historia
1124 1375 1322 1439 continetur.

122 1486 222 1567 (Vide
241 1485 349 1566 infra)
380 1484 436 1549 Ita
459 1486 545 1549 enim
568 1485 637 1550 lere
660 1484 762 1550 fiebat
784 1491 821 1549 ut
844 1485 900 1567 qui
923 1487 1067 1568 primum
1090 1486 1220 1568 coptice
1244 1484 1322 1549 scri·

121 1598 280 1662 berentur
295 1596 382 1676 libri,
403 1596 429 1659 ii
448 1601 525 1678 post
548 1594 681 1659 arabice
697 1600 917 1661 verterentur:
941 1594 1217 1679 quemadmodum
1235 1594 1323 1678 apud

123 1708 248 1790 Coptos
271 1708 450 1772 etiamnum
474 1707 569 1771 multi
590 1706 669 1770 libri
687 1705 853 1770 habentur
868 1706 911 1772 ad
925 1709 1107 1790 marginem
1123 1707 1324 1789 antiquioris

121 1825 232 1883 textus
260 1818 381 1902 coptici
410 1817 547 1883 arabica
569 1817 720 1882 versione
744 1817 872 1898 donati,
900 1839 1082 1901 rursusque
1110 1817 1167 1883 alii
1190 1817 1325 1883 arabice

120 1936 251 1995 tantum
274 1929 389 2011 scripti
418 1928 459 1993 ad
487 1929 578 2012 ipsos
606 1950 686 1992 usus
713 1929 955 1993 ecclesiasticos
984 1928 1195 2008 adhibentur,
1226 1929 1325 2011 quale

122 2046 173 2106 est
201 2041 302 2104 etiam
329 2037 550 2122 Synaxarium
572 2039 762 2104 Mediceum
789 2040 948 2104 ecclesiae
972 2037 1155 2123 Coptorum
1177 2040 1324 2106 Alexan·

122 2150 238 2216 drinae
261 2172 348 2215 anno
365 2149 491 2216 Christi
511 2153 596 2216 1425
620 2155 793 2215 exaratum
803 2151 838 2232 ¹).
881 2149 1048 2216 Nimirum
1070 2150 1192 2216 dudum
1217 2172 1325 2217 sermo

122 2263 271 2345 copticus
295 2261 383 2344 apud
406 2262 495 2344 ipsos
511 2260 637 2344 Coptos
660 2260 804 2325 abolevit
826 2263 860 2326 in
883 2263 1019 2346 eiusque
1041 2263 1152 2327 locum
1170 2261 1326 2327 arabicus

122 2374 290 2438 successit.
335 2372 449 2455 Atque
481 2373 582 2437 etiam
614 2372 769 2437 arabicus
801 2353 905 2438 codex
935 2373 964 2437 is
993 2395 1058 2457 quo
1089 2373 1130 2438 ad
1162 2373 1325 2439 edendum

126 2483 290 2548 Wallinus
317 2505 397 2548 usus
425 2490 489 2563 est,
522 2505 561 2548 ex
588 2483 743 2566 Aegypto
771 2484 919 2549 Parisios
949 2506 1029 2550 cura
1050 2483 1240 2551 Wanslebii
1268 2486 1324 2550 ad·

121 2602 236 2659 v'ectus
268 2601 332 2675 est,
364 2596 421 2678 qui
453 2594 540 2659 haud
567 2594 666 2659 dubie
698 2617 738 2659 ex
767 2596 879 2678 aliquo
908 2596 1091 2679 Coptorum
1114 2588 1326 2663 'monasterio

122 2709 190 2771 sive
208 2705 298 2773 Oairi
322 2708 390 2772 sive
413 2708 447 2770 in
468 2705 599 2772 deserto
614 2706 742 2790 Libyae
767 2707 908 2790 adeptus
930 2714 1010 2772 erat
1055 2707 1162 2773 Porro
1179 2707 1325 2792 Coptum

121 2818 328 2900 potissimum
360 2824 529 2882 auctorem
559 2817 638 2882 libri
670 2816 787 2882 suadet
819 2817 907 2901 quod
939 2818 1046 2883 cultus
1078 2820 1214 2883 nutricii
1246 2821 1326 2885 Iesu

121 2928 366 3013 Monophysitis
404 2928 561 2993 africanis
596 2951 674 3012 prae
712 2930 831 2994 ceteris
863 2934 1038 3012 tantopere
1069 2930 1196 3013 placuit
1228 2936 1266 2996 ut
1298 2933 1327 2996 is

122 3039 210 3122 apud
233 3039 359 3121 Coptos
386 3040 526 3121 primum
549 3039 702 3104 videatur
730 3062 826 3105 suum
854 3039 940 3105 diem
968 3040 1089 3106 festum
1118 3042 1326 3126 habuisse5).

122 3149 221 3233 Quod
242 3150 432 3214 institutum
454 3173 474 3215 a
493 3149 609 3232 Coptis
632 3150 673 3214 ad
696 3149 778 3216 alios
794 3150 1003 3217 Christianos
1022 3151 1199 3217 orientales
1218 3160 1321 3238 atque

123 3261 227 3324 multo
248 3267 324 3342 post
346 3283 386 3326 ex
407 3262 534 3326 oriente
556 3262 590 3325 in
613 3262 784 3326 ecclesiam
806 3262 946 3327 latinam
968 3264 1128 3328 transisse
1151 3264 1328 3347 probabile

123 3374 219 3454 est³).
268 3371 325 3437 Ad
355 3372 389 3436 id
421 3374 508 3438 enim
540 3373 683 3438 historia
713 3372 863 3455 Iosephi,
893 3375 1048 3440 homiliae
1080 3375 1192 3457 potius
1225 3399 1329 3461 quam

126 3513 338 3521 0—--—--—--

210 3587 232 3652 1)
251 3589 293 3642 Cf.
308 3593 445 3641 haseman.
465 3593 581 3655 catalog.
601 3590 728 3640 biblioth.
743 3591 841 3641 Medic.
862 3591 990 3642 Laurent.
1010 3596 1039 3642 et
1056 3593 1144 3642 Palat.
1163 3593 1243 3645 codd.
1260 3611 1327 3646 maa.

124 3676 249 3725 oriental.
269 3675 402 3738 (Floreat.
418 3676 505 3739 1742.)
524 3693 550 3742 p.
565 3678 615 3727 164
633 3693 693 3740 sqq.
730 3678 801 3727 Tbil.
823 3678 881 3728 cod.
900 3694 988 3742 apocr.
1008 3695 1033 3743 p.
1046 3678 1116 3728 m.

209 3759 232 3822 2)
252 3760 279 3810 Ia
298 3766 409 3811 notatur
427 3763 455 3812 in
475 3762 634 3829 Synaxario,
655 3763 725 3826 quod
744 3779 824 3827 supra
842 3766 1117 3823 commemoravimus,
1136 3780 1197 3831 pag.
1210 3767 1272 3817 185.
1293 3768 1329 3819 ad

124 3847 195 3897 diem
216 3848 257 3895 26.
275 3846 376 3895 mensis
395 3847 463 3896 Abib
483 3848 511 3910 (i.
529 3864 552 3899 e.
570 3851 613 3898 20.
631 3865 664 3898 m.
683 3848 759 3909 Iulii)
784 3849 872 3899 verbis
892 3850 934 3898 hia
952 3850 1062 3914 Beqoiaa
1078 3851 1162 3899 aradi
1179 3854 1248 3902 amia
1265 3854 1329 3903 iaatr'

123 3935 226 3997 Iosepti
236 3933 314 3998 sobri
333 3933 449 3996 bunarii,
467 3935 600 3997 Deiparce
617 3936 725 3999 airoina'r
742 3936 848 3984 Mariae
865 3938 959 3998 spond,
979 3937 1021 4000 qvi
1034 3941 1113 3999 pater
1123 3937 1222 3987 aaut
1238 3943 1330 3990 occari

119 4022 272 4084 praesensit.

210 4101 232 4167 ³)
252 4103 295 4153 lta
313 4108 457 4152 senserunt
475 4105 556 4155 otiam
575 4106 815 4157 'tillemontius
834 4112 863 4157 st
880 4108 1076 4157 Bollrndnr.
1111 4108 1164 4157 llle
1185 4111 1258 4160 enim
1272 4112 1329 4162 Ha·

124 4192 215 4241 moires
235 4205 303 4252 pour
320 4190 404 4238 servir
421 4190 437 4237 d
455 4189 581 4239 l’lrv'aloiro
603 4192 691 4241 secur.
717 4198 780 4244 tom.
798 4192 818 4242 l.
845 4209 870 4256 p.
888 4196 911 4243 l.
934 4209 994 4258 pag.
1014 4196 1073 4244 185.
1093 4197 1132 4244 sic
1150 4195 1269 4246 scribitr
1289 4199 1329 4248 Oa

122 4276 231 4342 pretmd
249 4292 295 4339 que
314 4275 352 4324 lca
365 4275 472 4338 Oopltsa
488 4280 513 4324 et
531 4276 569 4325 lea
587 4280 674 4326 autres
688 4279 829 4328 Oresteae
847 4280 951 4344 cnseat
968 4282 1170 4346 msertesort
1187 4282 1328 4335 solemur

126 4363 150 4412 le
172 4364 216 4412 20.
236 4362 267 4410 do
284 4361 393 4418 Juiuar,
415 4363 508 4425 auquel
525 4363 560 4411 ila
577 4366 681 4412 metteat
697 4382 727 4412 aa
745 4369 810 4414 mort
828 4381 873 4414 asar
891 4366 1023 4416 l'cutora‘t5
1038 4368 1112 4416 d'aar
1129 4368 1169 4416 oia
1188 4367 1279 4431 plaiae
1296 4372 1328 4420 da

125 4447 217 4497 fabios.
260 4445 406 4495 Bollaadaa
430 4448 497 4496 croit
521 4464 567 4511 qae
590 4447 627 4497 loa
652 4449 754 4498 Carruca
777 4454 820 4498 out
843 4451 952 4513 apperte
971 4451 1091 4500 rofam
1117 4456 1183 4502 retu
1200 4455 1276 4517 frate
1297 4472 1329 4506 aa
