2880 5062
125 356 185 418 128
465 353 633 403 msvoam
651 353 806 404 1osueu1.
832 338 907 403 cet.
926 352 981 402 xv.

122 505 212 571 illud
232 512 368 588 tempus
392 526 459 588 quo
483 505 574 569 diem
600 503 704 585 obiit,
731 505 823 568 sicut
846 503 1059 567 destinatum
1086 506 1140 565 est
1164 499 1299 565 omnibus
1333 512 1335 531 ²

122 609 332 674 hominibus.
376 607 537 674 Graviter
557 614 674 672 autem
696 608 762 672 hoe
782 607 902 671 morbo
925 605 1123 684 laborabat,
1149 623 1251 685 neque
1271 610 1296 666 ut

122 713 374 795 inpraesentia
391 717 630 795 aegrotaverat
646 731 800 793 unquam
817 731 837 774 a
853 709 1046 774 nativitatis
1065 728 1148 772 suae
1166 713 1245 772 ortu.
1262 705 1294 769 ut

121 816 171 879 ita
188 821 282 878 certe
299 835 354 879 res
370 814 513 898 iosephi
531 815 616 878 iusti
634 813 821 896 disponere
840 810 980 877 Christo
997 808 1142 894 placuit.
1169 806 1292 893 Quadra

122 919 219 1000 ginta
236 917 342 1001 (vixit)
366 939 476 982 annos
499 922 579 981 ante
602 916 728 980 initum
749 910 1024 980 matrimonium:
1045 913 1175 979 mansit
1195 910 1290 976 deinde

121 1041 208 1084 uxor
233 1021 296 1085 sub
322 1021 434 1086 tutela
460 1021 534 1085 eius
561 1018 795 1103 quadraginta
821 1025 855 1083 et
880 1039 1002 1083 novem
1027 1038 1153 1098 annos,
1185 1013 1290 1099 (quibus

122 1123 267 1208 elapsis)
290 1130 427 1189 mortua
444 1128 507 1188 est.
539 1122 618 1187 Uno
640 1129 757 1188 autem
774 1127 854 1205 post
871 1126 1016 1186 mortem
1033 1122 1109 1185 eius
1127 1140 1214 1184 auno
1230 1138 1291 1182 con·

120 1227 225 1290 missa
245 1226 314 1309 ipsi
331 1226 505 1310 (losepho)
524 1232 578 1291 est
599 1231 710 1290 mater
731 1247 807 1290 mea
821 1226 933 1290 'beata
954 1222 1069 1288 Maria
1091 1245 1111 1288 a
1132 1218 1290 1288 sacerdoti·

120 1329 197 1411 bns,
214 1335 254 1393 ut
271 1349 345 1393 eam
357 1329 551 1394 custodiret
567 1351 678 1412 usque
696 1329 739 1393 ad
751 1334 888 1411 tempus
900 1327 1112 1411 nuptiarum.
1136 1323 1292 1391 Biennium

120 1430 183 1495 illa
203 1432 239 1495 in
260 1431 360 1497 domo
384 1433 458 1498 eius
481 1433 675 1496 consumsit
696 1431 806 1515 (nulla
828 1452 864 1496 re
889 1428 1142 1513 memorabile):
1163 1434 1198 1494 at
1216 1424 1291 1492 tertio

120 1536 403 1600 commorationis
426 1535 501 1601 eius
523 1556 613 1599 anno
637 1533 731 1617 apud
753 1533 959 1617 losephum‚
987 1553 1069 1598 suae
1092 1552 1173 1597 vero
1197 1527 1291 1596 aetatis

122 1636 255 1701 decimo
274 1638 413 1720 quinto,
435 1638 574 1720 peperit
589 1658 642 1702 me
661 1638 696 1700 in
714 1643 809 1701 terre
825 1636 1005 1720 mysteri0,
1030 1635 1124 1720 quod
1141 1654 1204 1699 nee
1218 1650 1293 1717 pene·

121 1746 213 1805 trare
231 1762 295 1805 nee
312 1762 435 1824 capere
453 1745 570 1823 potest
586 1740 659 1804 ulla
676 1747 847 1822 creatura,
870 1741 938 1805 nisi
957 1761 1020 1823 ego
1038 1745 1206 1822 paterque
1222 1752 1291 1800 neus

121 1850 157 1909 et
174 1845 317 1926 spiritus
335 1850 487 1927 sanctus,
505 1866 609 1908 unam
626 1866 758 1909 mecum
778 1845 997 1909 constituens
1015 1842 1202 1908 essentiam
1212 1840 1242 1923 ¹).

611 2031 732 2098 Onrur
755 2033 837 2098 XV.

208 2167 297 2233 Tota
319 2170 438 2252 itaque
461 2175 558 2235 aetas
580 2172 691 2252 patris
712 2172 797 2252 mei,
824 2171 918 2249 senis
940 2169 1037 2234 illius
1058 2169 1160 2249 iusti,
1183 2171 1291 2230 centum

121 2270 275 2336 confecit
292 2277 327 2337 et
342 2271 505 2336 undecim
523 2294 643 2355 annos,
661 2275 711 2338 ita
722 2273 933 2338 decernente
945 2279 1044 2356 patre
1057 2291 1133 2336 meo
1145 2265 1291 2355 (caelesti).

120 2372 168 2437 Et
185 2372 259 2438 dies
277 2396 344 2457 quo
363 2375 520 2441 deseruit
536 2378 652 2440 anima
669 2398 795 2460 corpus
813 2378 889 2442 eius
907 2382 982 2441 eret
998 2376 1186 2459 vigesimus
1203 2373 1290 2436 sextu

121 2476 251 2541 mensis
267 2474 362 2542 Abiu
375 2479 408 2560 ⁸).
443 2476 569 2560 Coepit
591 2480 683 2543 enim
704 2480 773 2544 iam
789 2501 911 2544 aurum
934 2478 1147 2561 exquisitum
1163 2469 1293 2559 splende-

121 2598 193 2641 rem
218 2579 364 2661 perdere
392 2585 427 2643 et
451 2587 634 2662 argentum
659 2604 726 2648 usu
752 2583 879 2664 deteri,
912 2582 1132 2647 intellectum
1156 2575 1293 2644 innuet

121 2681 305 2746 scientiam
323 2684 408 2746 eius.
445 2680 569 2747 Oibum
587 2706 725 2768 quoque
743 2684 916 2750 fastidivit
933 2690 967 2748 et
983 2689 1115 2766 potum,
1133 2688 1230 2765 atque
1244 2694 1293 2740 ees

122 2784 210 2848 savit
226 2785 354 2866 peritia
370 2785 455 2850 artis
473 2784 611 2850 fabrilis
628 2786 799 2870 lignariae
818 2809 931 2870 neque
954 2788 1030 2852 eius
1052 2786 1159 2851 ullam
1175 2779 1291 2864 amplius

121 2887 292 2953 rationem
317 2888 450 2954 habuit.
497 2887 656 2972 Contigit
680 2891 789 2973 igitur
813 2891 926 2973 prima
950 2890 1028 2953 luce
1053 2888 1208 2971 vigesimi
1230 2876 1292 2946 sexti
1332 2920 1335 2971 Ι

123 2992 277 3074 (mensis)
287 2989 381 3056 Abib
400 2999 439 3057 ut
454 2993 613 3076 inquieta
629 2992 837 3058 redderetur
851 2995 966 3058 anima
978 2993 1072 3058 senis
1083 2988 1221 3074 Iosephi
1232 2977 1292 3050 iusti
1332 2978 1335 3059 t

191 3200 218 3260 2)
239 3199 381 3251 Sshidieus
401 3207 493 3252 textus
513 3204 566 3253 sic:
598 3203 671 3252 Haec
689 3208 726 3252 est
744 3220 840 3252 sumnia
857 3205 924 3252 vitae
941 3203 1030 3252 dilecti
1044 3203 1132 3265 putris
1148 3200 1194 3249 mei
1209 3186 1293 3254 loro&
1332 3190 1335 3231 ἶ

120 3301 202 3334 annos
211 3291 287 3335 nutus
293 3287 343 3335 XL
352 3305 454 3337 uxorem
464 3290 546 3346 duxit,
557 3305 611 3337 runi
622 3306 671 3352 quo
681 3291 745 3338 visit
755 3290 830 3338 annm
837 3289 881 3337 IX
890 3286 1088 3354 (corrigendum
1100 3286 1204 3336 videtur
1210 3270 1293 3332 xtltt·

122 3372 186 3419 Post
198 3377 303 3420 mortem
316 3375 370 3422 eius
382 3391 473 3422 aarum
486 3391 560 3423 unum
573 3374 624 3437 (itu
636 3375 737 3439 Zoegu,
755 3374 803 3424 sed
816 3374 959 3423 Dulaurier
970 3374 1036 3422 deus
1048 3373 1106 3435 ons)
1119 3372 1206 3420 viduus
1217 3360 1294 3417 mutii

119 3456 217 3504 duodus
229 3461 311 3505 autem
324 3460 398 3506 annis
410 3460 436 3506 in
448 3460 520 3508 domo
533 3461 587 3508 eius
598 3460 664 3508 visit
675 3463 757 3507 mater
768 3475 824 3506 meu
836 3463 971 3522 antequam
985 3459 1034 3520 ipsi
1046 3458 1151 3506 subnot
1162 3456 1211 3518 (its
1219 3453 1296 3511 Zotss¹i

124 3540 266 3591 Duluurier
275 3543 364 3604 depuis
376 3545 440 3608 qu'il
452 3545 513 3593 l'sut
526 3546 618 3593 choisie
627 3562 695 3607 pour
706 3562 736 3593 su
749 3545 911 3608 comperero:
923 3545 1045 3608 siquidem
1058 3561 1074 3591 a
1086 3541 1248 3592 sacerdotibus
1258 3538 1299 3583 et*

122 3626 251 3675 eristodire
268 3629 350 3676 iussus
366 3633 424 3678 erut
440 3647 517 3693 usque
535 3631 570 3678 ud
583 3635 678 3694 tempus
689 3631 845 3691 nuptiarum.
870 3632 975 3694 Peperit
994 3634 1076 3679 autem
1094 3647 1132 3678 me
1144 3620 1303 3678 marem&

123 3726 179 3758 meu
198 3713 270 3761 initio
284 3716 344 3762 arani
357 3717 429 3764 tertii
442 3733 489 3779 quo
500 3718 560 3780 fuit
572 3717 598 3763 in
610 3717 681 3764 dorae
695 3717 811 3779 Iosephi,
829 3733 895 3764 anno
913 3717 1008 3765 aetatis
1018 3732 1080 3764 suos
1092 3716 1122 3764 X
1126 3715 1155 3763 Γ.
1184 3709 1264 3762 cenot
1274 3707 1306 3749 ¹⁸⁶

124 3802 207 3845 mater
218 3815 273 3846 meu
285 3801 311 3846 in
323 3801 444 3863 spetunca
458 3800 494 3863 (in
508 3801 643 3863 metaurus
660 3803 699 3850 itu
719 3807 747 3851 et
760 3802 846 3866 Zoega
860 3808 888 3850 et
901 3803 1057 3861 Duluurier;
1078 3801 1245 3852 nihilominus
1257 3793 1311 3842 unffi

125 3882 240 3932 ‘Philone
258 3889 323 3946 puto
342 3887 459 3950 mysterio
479 3886 621 3950 legendum
640 3901 706 3935 esse.
750 3885 822 3935 Illud
841 3902 921 3949 quum
940 3902 995 3935 non
1012 3888 1137 3937 videatur
1154 3876 1317 3937 tribuenduffl

125 3969 210 4017 errori
224 3971 401 4033 interpretum
416 3976 580 4030 nostrorum,
600 3988 630 4021 ex
644 3987 732 4022 errore
746 3970 826 4036 Copti
840 3988 897 4022 esse
912 3971 1118 4022 existimandum
1132 3973 1191 4022 erit
1215 3970 1250 4018 De
1260 3964 1321 4030 spff

126 4055 206 4102 lunen
220 4056 254 4102 cf.
268 4071 347 4118 supra
364 4071 420 4119 cup.
434 4055 480 4118 7.),
494 4074 568 4120 quom
580 4075 625 4105 see
636 4059 768 4107 nominare
780 4058 842 4106 lieet
854 4074 899 4106 nee
911 4074 1033 4121 quaerere
1046 4056 1201 4119 (Duiaurier
1212 4052 1267 4120 qs'il
1278 4030 1329 4095 θ’ί

125 4138 235 4203 dtseodu
254 4140 285 4187 do
303 4140 413 4198 rietter,
431 4147 456 4189 et
473 4137 536 4207 qu‘it
555 4147 592 4191 est
605 4144 746 4204 impossible
757 4145 789 4192 de
802 4143 928 4206 trouver),
949 4160 1025 4207 neque
1038 4149 1076 4192 est
1093 4145 1118 4191 ia
1133 4147 1187 4192 toto
1199 4126 1335 4190 created

126 4226 196 4272 homo
210 4226 253 4286 qni
265 4240 318 4271 earn
331 4228 429 4274 nouerit
439 4232 546 4288 praeter
558 4244 596 4276 me
607 4232 632 4276 st
641 4233 743 4292 putrem
754 4245 833 4277 meum
845 4234 871 4278 et
881 4230 999 4293 spiritum
1013 4234 1136 4277 sonetum.
1327 4284 1335 4295 ι

195 4309 223 4368 3)
237 4309 328 4357 Sahid.
342 4315 409 4360 text.
424 4313 476 4361 siu:
505 4313 594 4362 Omnes
607 4319 689 4363 autem
702 4316 756 4362 dies
764 4316 852 4376 petris
863 4316 911 4363 mei
923 4314 1025 4376 Iosephi
1037 4314 1183 4363 benedictae
1195 4301 1335 4362 emer-ff

126 4397 185 4442 aaut
201 4395 262 4442 aunt
277 4395 351 4454 OXI,
369 4399 503 4447 seeundum
516 4399 670 4449 somatotem
680 4401 766 4463 patris
778 4401 826 4448 mei
839 4400 917 4463 (haec
930 4400 1012 4449 verba
1023 4401 1160 4448 seeundum
1172 4406 1216 4450 ete
1228 4388 1335 4448 uuirt

128 4480 181 4529 rior
193 4496 252 4529 cum
266 4497 340 4545 seqq.
354 4485 516 4550 coniungit).
541 4486 606 4534 Dies
617 4487 706 4535 mortis
718 4487 772 4535 eius
784 4490 822 4535 est
834 4486 938 4534 XXVI.
951 4486 1042 4534 mersis
1054 4486 1138 4549 Epep.
