2880 5062
263 319 266 325 »
326 352 530 404 DESCENSUS
549 351 693 405 cusslsrl
709 354 757 405 AD
775 352 938 404 manuos
965 352 1085 406 VI-lx.
1247 355 1310 418 429

104 505 231 570 videre.
280 505 327 570 Et
353 504 476 577 iterum
505 504 681 569 clamatum
710 509 761 569 est
788 503 896 568 intus:
927 502 1050 570 Tollite
1078 512 1192 588 portas
1220 508 1309 591 prin·

105 607 200 690 cipes
222 611 364 689 vestras,
392 610 426 670 et
453 604 626 670 elevamini
653 609 769 688 portae
796 604 995 688 aeternales,
1023 612 1056 671 et
1077 607 1231 673 introibit
1251 629 1310 673 rex

105 708 245 790 gloriae.
289 706 586 790 Interrogaverunt
616 705 737 773 iterum
769 706 917 771 infernus
946 712 980 771 et
1001 706 1104 773 Satan
1132 710 1173 774 ad
1196 730 1310 776 rocem

104 813 200 878 illam
224 813 432 896 perspicuam
448 813 608 878 dicentes:
632 810 717 895 Quis
739 819 790 877 est
811 812 875 877 iste
897 834 956 877 rex
978 813 1130 896 gloriae?
1158 814 1310 879 Dictum·

104 937 173 999 que
202 922 254 981 est
280 915 347 980 illis
376 936 396 980 a
423 934 501 981 voce
527 914 586 981 illa
613 913 759 981 mirabili
782 912 949 981 Dominus
976 915 1135 981 virtutum
1162 918 1233 1000 ipse
1260 924 1311 983 est

104 1042 166 1086 rex
189 1020 325 1104 gloriae.

488 1181 607 1248 Carnu
629 1180 732 1250 VIII.
770 1181 931 1269 (XXIV.)

195 1312 242 1378 Et
269 1333 345 1378 ecce
374 1312 484 1378 subito
508 1313 658 1378 infernus
680 1313 896 1398 contremuit,
927 1319 961 1378 et
987 1319 1103 1398 portae
1131 1315 1249 1380 mortis
1276 1321 1311 1379 et

104 1438 202 1483 serae
225 1417 447 1482 comminutae
470 1421 504 1481 et
525 1422 636 1483 vectes
658 1416 759 1482 ferrei
782 1417 944 1482 confracti
967 1424 1045 1482 sunt
1066 1423 1101 1482 et
1120 1418 1311 1484 ceciderunt

103 1522 143 1586 in
171 1527 310 1605 terram,
341 1527 375 1586 et
401 1521 569 1606 patefacta
596 1527 673 1586 sunt
695 1521 815 1587 omnia.
857 1521 905 1586 Et
928 1519 1069 1587 Satanas
1091 1523 1251 1589 remansit
1275 1525 1310 1588 in

103 1626 268 1708 medium,
299 1625 473 1711 stabatque
501 1626 659 1692 confusus
688 1631 722 1691 et
748 1625 908 1709 deiectus,
940 1626 1127 1710 conligatus
1154 1629 1311 1712 compede

104 1730 142 1795 in
171 1729 320 1814 pedibus.
364 1731 411 1796 Et
439 1751 515 1796 ecce
544 1730 698 1795 dominus
724 1729 821 1796 Iesus
844 1728 998 1796 Christus
1024 1731 1158 1797 veniens
1184 1733 1220 1797 in
1247 1733 1311 1798 cla·

104 1833 208 1899 ritate
231 1834 353 1900 excelsi
376 1834 512 1900 luminis
533 1840 906 1919 mansuetus,'magnus
929 1840 963 1899 et
983 1835 1132 1919 humilis,
1159 1843 1310 1902 catenam

105 1936 178 2001 suis
201 1936 382 2020 deportans
404 1935 558 2003 manibus
580 1936 683 2002 Satan
705 1957 780 2001 eum
808 1936 896 2002 collo
924 1921 1053 2020 ligavit,
1081 1942 1116 2002 et
1142 1937 1263 2003 iterum
1290 1961 1311 2004 a

105 2045 203 2124 tergo
237 2041 267 2105 ei
298 2041 444 2125 religans
476 2063 592 2109 manus
623 2041 816 2125 resupinum
847 2062 920 2107 eum
955 2041 1046 2107 elisit
1076 2042 1110 2106 in
1139 2048 1310 2128 tartarum,

105 2145 291 2230 pedemque
323 2168 418 2211 suum
449 2151 599 2212 sanctum
631 2147 662 2213 ei
699 2146 813 2231 posuit
848 2147 884 2212 in
914 2151 1065 2230 gutture,
1101 2146 1213 2213 dicens
1244 2146 1311 2212 Per

105 2247 219 2312 omnia
250 2249 362 2340 secula
391 2250 496 2314 multa
526 2250 617 2339 'mala
647 2249 774 2332 fecisti,
806 2248 875 2314 ullo
908 2247 1004 2313 modo
1039 2269 1106 2314 non
1137 2249 1309 2335 quievisti:

106 2352 207 2418 hodie
237 2359 270 2418 te
296 2353 392 2419 trado
421 2355 489 2438 igni
512 2359 682 2438 perpetuo.
726 2354 924 2437 Vocatoque
948 2354 1014 2418 cito
1038 2353 1167 2418 inferno
1190 2354 1239 2419 nit
1260 2355 1308 2418 illi

105 2457 328 2541 praecipiens:
352 2459 448 2524 Tolle
468 2459 557 2525 hunc
578 2459 758 2543 pessimum
781 2480 819 2523 ac
842 2458 1090 2543 nequissimum,
1113 2463 1146 2523 et
1168 2460 1229 2524 sub
1252 2464 1310 2524 tua

106 2560 227 2626 habeto
253 2564 405 2629 custodia
427 2585 531 2648 usque
554 2565 589 2629 in
605 2563 691 2629 diem
713 2563 890 2646 illumque
914 2561 976 2627 tibi
998 2585 1207 2648 praecepero.
1242 2563 1309 2648 Qui

106 2670 244 2747 accepto
273 2667 388 2731 eodem
417 2666 478 2731 sub
506 2666 646 2750 pedibus
676 2665 801 2731 domini
831 2665 1000 2730 demersus
1028 2671 1078 2731 est
1105 2688 1178 2731 cum
1206 2687 1245 2730 eo
1273 2667 1308 2730 in

105 2769 307 2853 profundum
331 2770 451 2853 abyssi.

515 2907 634 2973 capon
656 2906 723 2973 IX.
759 2905 900 2994 (XXV.)

197 3037 318 3102 1uunc
346 3038 501 3103 dominus
523 3037 621 3103 Iesus
650 3038 795 3103 salvator
823 3038 982 3120 omnium,
1009 3038 1085 3122 pius
1113 3043 1147 3102 et
1173 3038 1308 3103 mitissi-

104 3255 193 3317 illum)
213 3256 327 3304 dividere
347 3291 376 3304 ..
396 3268 413 3305 Β
430 3256 479 3305 inl.
498 3273 525 3305 ee
543 3256 653 3305 illudere
668 3255 673 3316 Ι
688 3257 727 3305 Et
743 3257 835 3307 iteam
855 3293 884 3307 ..
903 3271 919 3308 Β
937 3261 1041 3306 Interea
1056 3257 1060 3318 Ι
1076 3260 1145 3306 intua
1163 3273 1220 3306 cum
1239 3269 1257 3306 Β
1277 3293 1305 3306 ..

105 3354 139 3392 nc
159 3357 201 3388 om
228 3341 232 3403 Ι
258 3345 418 3403 Interropan.
439 3368 448 3376 ·
466 3343 578 3390 direntes
603 3344 632 3401 (Δ
650 3343 703 3393 add
726 3360 776 3406 per
799 3343 895 3404 omnia)
915 3380 944 3393 ..
965 3358 980 3394 r
1004 3345 1198 3406 Responderunt
1219 3349 1307 3392 {reme-

105 3431 186 3478 laedi
204 3431 288 3477 aaran
306 3433 330 3476 et
348 3429 448 3491 inserere
466 3425 471 3492 Ι
491 3429 568 3477 Dum.
587 3430 708 3477 uirtutum
728 3466 734 3478 .
751 3466 758 3479 .
778 3442 796 3479 Β
813 3431 888 3478 Dora.
906 3436 993 3478 noster

197 3515 272 3563 Vlll.
311 3515 352 3563 Cf.
373 3530 467 3577 graece
487 3515 518 3571 V,
529 3517 560 3563 a.
580 3516 625 3572 vl,
645 3518 674 3574 23
694 3518 759 3565 item
778 3517 864 3564 latine
882 3513 906 3565 Α
926 3516 987 3564 Vll.
1018 3527 1052 3565 Bc
1070 3521 1094 3564 el
1112 3532 1184 3564 aerae
1201 3520 1226 3563 at
1243 3519 1306 3565 cert.

99 3604 188 3667 ferrei
206 3602 238 3660 (Β
256 3617 355 3656 ·rreae,·
375 3603 439 3649 item
458 3616 474 3652 Α
494 3605 575 3664 atque
595 3604 674 3651 etiam
695 3601 855 3667 confractae)
874 3604 1020 3651 comminuti
1037 3603 1066 3657 (Β
1084 3602 1147 3661 dae)
1166 3606 1224 3649 ment
1242 3604 1247 3665 Ι
1268 3619 1308 3651 re·

105 3689 202 3734 mosell
227 3687 253 3733 iu
277 3686 384 3733 medium
403 3689 446 3734 etc
471 3722 477 3733 .
500 3721 506 3733 .
532 3699 547 3735 c
569 3687 655 3734 elebat
672 3688 700 3733 in
717 3688 797 3736 medio
817 3687 937 3750 confusus
960 3685 964 3746 Ι
988 3686 1081 3749 really.
1099 3703 1177 3749 comp.
1196 3687 1223 3734 ἐπ
1247 3687 1307 3750 ped.

107 3790 166 3822 eum
187 3786 216 3832 ῦς
236 3789 252 3823 a
271 3772 363 3835 really.
385 3773 547 3836 compedibur'
562 3808 592 3822 ..
612 3786 630 3822 Β
648 3789 689 3821 om
706 3772 710 3835 Ι
726 3774 819 3822 errelei
838 3774 941 3822 lumino
959 3775 987 3834 (Β
1006 3773 1065 3823 lum.
1083 3773 1308 3836 excellentissimi),

105 3874 187 3906 mane.
207 3873 259 3904 ma.
280 3861 304 3904 et
321 3858 387 3905 lum.
408 3873 467 3906 eum
486 3870 520 3907 ΔΒ
541 3891 570 3905 ..
591 3872 606 3907 c
624 3858 737 3906 eoereleue
754 3858 868 3915 lucellis,
890 3862 1037 3919 adaquaret
1054 3863 1199 3906 arraneuelue
1221 3857 1225 3914 Ι
1250 3858 1306 3908 Sal.

107 3957 163 3989 mm
182 3940 250 3989 eollo
275 3941 354 4001 lipara.
375 3957 433 3989 cum
452 3955 469 3991 Λ
489 3975 518 3990 ·.
537 3953 554 3991 Β
574 3941 630 3989 Sal.
649 3941 788 4004 roalipavit
807 3977 837 3992 ..
858 3954 873 3990 c
893 3942 1008 3989 Salaecae
1031 3959 1085 3989 eam
1108 3941 1186 4003 (ἐραν.
1204 3943 1307 3990 cerulei-

106 4028 152 4076 bu
167 4027 171 4088 Ι
187 4040 203 4078 c
221 4028 377 4088 decuplam,
397 4032 426 4076 et
444 4043 485 4075 om
505 4030 531 4075 ir
549 4032 612 4077 uara
628 4027 632 4090 Ι
653 4039 669 4077 Β
688 4043 729 4076 om
751 4045 801 4090 per
818 4045 883 4076 ome.
901 4044 949 4078 een.
964 4028 969 4089 Ι
991 4027 1133 4091 l'oealoque
1150 4031 1195 4077 aa.
1212 4031 1260 4094 inf.
1279 4029 1308 4088 (Δ

111 4111 270 4175 Venetaeque
288 4113 363 4160 ‹dllue
381 4112 509 4176 infernus)
527 4137 537 4146 ·
552 4113 668 4173 panesa.
688 4112 715 4172 (a
729 4129 770 4160 om
787 4111 914 4175 proerr'p.)
937 4111 1008 4159 Tolle
1026 4128 1084 4161 cnm
1101 4125 1135 4161 ΒΑ
1155 4148 1184 4162 ..
1205 4128 1219 4162 c
1241 4113 1309 4161 stuc

108 4200 198 4247 occari
207 4198 278 4261 fecit
296 4199 413 4260 inferum.
443 4201 480 4244 Ar
499 4197 544 4245 ille
562 4198 736 4245 tremebundus
753 4199 877 4259 apparuit
887 4198 997 4245 danim
1006 4199 1091 4261 saule,
1109 4205 1170 4260 qula
1183 4199 1308 4246 carorum

107 4303 157 4336 nou
175 4285 286 4334 audebat
304 4287 438 4348 respicere.
470 4285 539 4333 Teuc
556 4286 623 4333 dixit
642 4286 684 4333 illi
697 4285 846 4342 Maledicte,
864 4286 990 4340 clemente,
1010 4285 1072 4332 tolle
1087 4285 1091 4348 Ι
1107 4285 1162 4333 Bia
1178 4285 1307 4348 profundo

107 4371 215 4426 tartari,
234 4384 249 4420 c
268 4371 293 4418 iu
307 4371 440 4434 profunda
458 4374 562 4418 lamara

195 4458 246 4515 lx,
272 4461 294 4506 1.
331 4457 371 4506 Cl.
398 4455 521 4514 Auru,
543 4461 565 4505 1.
607 4457 758 4506 Tetradem.
788 4462 820 4519 (Β
840 4474 880 4505 om
907 4457 935 4505 T.
955 4456 1011 4517 du.)
1038 4459 1087 4504 les.
1112 4455 1145 4517 (Β
1164 4456 1217 4504 edd
1238 4472 1305 4513 vero,
