2880 5062
119 342 181 405 424
474 341 602 392 EVANG.
622 340 798 392 NICODEMI
825 341 911 392 PARS
931 341 967 395 11.

119 495 190 559 noli
213 495 338 575 timere,
361 495 496 576 antique
518 493 623 558 amice
647 492 866 576 nequissime:
894 494 974 576 quia
996 515 1058 578 ego
1082 493 1241 589 populum
1259 494 1299 559 In·

120 600 276 663 dueorum
309 599 472 664 concitavi
505 599 663 664 adversus
694 619 783 681 eum,
815 599 919 682 alapis
947 621 1021 665 eum
1045 598 1142 664 feriri
1171 600 1301 684 praecepi

120 710 154 769 et
175 703 388 768 traditionem
411 724 471 786 per
493 703 564 769 eius
586 703 785 787 discipulum
807 703 842 768 in
863 725 937 770 eum
952 703 1084 788 peregi;
1107 709 1146 769 et
1158 703 1302 771 esthemo

120 807 258 873 multum
281 808 402 873 timens
424 813 575 891 mortem,
597 808 655 891 qui
678 830 719 874 ex
740 809 861 874 timore
883 807 982 874 dixit:
1005 808 1132 874 Tristis
1150 815 1202 874 est
1215 809 1304 874 anius

121 931 195 976 mea
216 932 320 994 usque
344 911 386 977 ad
408 917 566 994 mortem3
593 918 628 977 et
649 911 690 977 ad
712 913 797 978 hanc
820 911 915 977 illum
937 912 1092 995 perduxi,
1123 912 1205 996 quia
1224 911 1303 978 modo

120 1016 246 1082 levatus
268 1016 303 1080 in
327 1037 424 1082 cruce
446 1017 569 1100 pendit

208 1129 330 1194 8Τιιηα
353 1128 502 1195 infernus
525 1129 574 1194 ait
594 1128 636 1194 ad
659 1150 751 1194 eum:
783 1128 819 1195 Si
847 1127 918 1214 ipse
941 1130 1073 1214 estqui
1095 1128 1257 1195 Lazarum
1275 1129 1304 1195 de
1340 1188 1342 1193 .

121 1232 194 1296 sinu
217 1251 291 1297 meo
314 1229 380 1295 iam
397 1230 652 1314 quatriduanum
676 1231 749 1296 solo
771 1231 871 1296 verbo
895 1231 1025 1314 imperii
1050 1231 1103 1296 sui
1122 1231 1213 1297 velut
1232 1232 1306 1314 squi-
1340 1222 1342 1245 ²

120 1336 185 1400 lam
214 1331 347 1398 avolare
374 1332 468 1417 fecit,
498 1333 562 1398 iste
589 1355 656 1399 non
679 1334 778 1398 homo
804 1339 854 1398 est
874 1335 909 1398 in
932 1334 1143 1399 humanitate
1165 1333 1221 1398 sed
1241 1333 1305 1399 deos

121 1441 172 1500 ost
203 1435 238 1500 in
268 1435 450 1501 maiestate.
502 1436 600 1518 Rogo
632 1441 665 1501 te
697 1457 738 1501 ne
772 1436 934 1519 perducas
966 1458 1041 1502 eum
1073 1435 1116 1501 nd
1148 1456 1209 1501 me.
1257 1434 1305 1501 cii

96 1538 100 1546 '
122 1537 226 1604 Satan
248 1538 326 1603 ait:v
343 1538 512 1622 Praepara
539 1544 572 1603 te
600 1545 726 1621 tamen,
748 1559 790 1604 ne
813 1539 944 1604 timeas:
977 1538 1057 1623 quia
1077 1538 1147 1604 iam
1169 1539 1204 1604 in
1226 1560 1305 1604 cruce

120 1641 256 1725 pendet,
286 1664 355 1707 non
387 1663 521 1725 possum
549 1642 639 1708 aliud
668 1664 775 1726 agere.
820 1643 915 1707 Tunc
938 1643 1088 1708 infernus
1112 1641 1252 1709 Satanae
1271 1643 1305 1707 in

121 1746 308 1830 perintulit:
340 1746 376 1813 Si
404 1768 481 1830 ergo
511 1746 601 1812 aliud
630 1768 728 1830 agere
750 1770 818 1812 non
840 1753 950 1831 potes,
978 1770 1054 1814 ecce
1077 1748 1305 1832 appropinquet

122 1855 180 1914 tua
208 1849 362 1932 perditio.
406 1851 480 1934 Ego
504 1849 645 1934 denique
673 1850 821 1916 deiectus
850 1856 883 1914 ct
911 1851 981 1916 sine
1008 1852 1140 1918 honore
1167 1850 1304 1917 manebo:

122 1960 157 2018 tu
181 1959 292 2020 tamen
316 1953 484 2019 cruciatus
505 1954 566 2018 sub
589 1975 663 2019 ineo
687 1953 753 2019 eris
776 1952 933 2020 dominio.

546 2228 665 2295 Oneon
688 2229 750 2297 IV.
787 2228 895 2313 (XX)

208 2398 429 2465 ¹Audiebant
465 2406 574 2466 autem
610 2401 717 2466 sancti
748 2400 800 2466 dei
833 2399 1081 2465 contentionem
1115 2399 1253 2466 Satanae
1281 2404 1304 2463 et

118 2504 255 2583 inferni3
278 2504 343 2587 ipsi
366 2509 475 2569 tamen
503 2504 611 2570 adhuc
639 2506 727 2570 intra
755 2527 789 2570 se
816 2503 951 2569 minime
979 2524 1013 2568 se
1041 2508 1302 2587 recognoscentes

120 2608 336 2675 nihilominus
374 2614 469 2674 erant
505 2610 540 2675 in
578 2610 777 2694 cognitione.
821 2608 886 2676 Sed
919 2613 1053 2673 sanctus
1085 2614 1181 2690 pater
1211 2615 1304 2675 noster

16 2702 20 2711 ’
120 2711 230 2776 Adam
263 2711 310 2776 ita
339 2710 482 2778 Satanae
514 2711 688 2794 respondit
718 2734 777 2795 per
809 2711 936 2776 omnia:
967 2710 1048 2776 Dux
1079 2711 1213 2793 mortis,
1241 2708 1302 2794 quid

121 2813 280 2878 formidas
304 2819 338 2877 et
360 2813 532 2896 trepidas?
561 2813 729 2878 Dominus
752 2835 828 2879 ecce
846 2814 938 2878 venit
953 2815 1010 2896 qui
1035 2813 1148 2879 omnia
1169 2814 1301 2896 figmenta

120 2922 178 2982 tua
208 2938 296 2980 nuno
325 2915 485 2999 destruet,
517 2922 551 2981 et
581 2923 618 2980 tu
647 2923 761 2999 captus
788 2917 830 2982 ab
859 2938 898 2982 eo
927 2916 1155 2999 religatusque
1177 2915 1239 2982 eris
1257 2935 1301 2997 per

121 3021 240 3085 secula.

209 3131 330 3197 2Ἰἰιηο
356 3154 470 3197 omnes
495 3133 601 3197 sancti
626 3133 796 3197 audientes
820 3155 933 3197 vocem
958 3133 1064 3215 pratris
1087 3133 1194 3197 nostri
1216 3130 1299 3196 Adae.

123 3259 221 3320 quam
246 3242 438 3301 constanter
460 3237 603 3305 Satanae
627 3235 799 3320 respondit
821 3259 880 3320 por
904 3237 1022 3320 omnia,
1046 3236 1081 3301 in
1104 3236 1221 3320 gaudio
1243 3255 1299 3298 con-

121 3399 333 3406 *-

122 3501 284 3564 nequissime:
310 3501 371 3563 quia
389 3515 447 3547 cum
466 3512 482 3549 c
501 3534 526 3549 ..
545 3510 581 3549 AB
600 3514 641 3546 om
666 3496 670 3560 Ι
694 3501 719 3546 et
737 3501 775 3547 est
792 3499 862 3547 homo
880 3524 890 3533 ·
908 3499 975 3548 dicit
993 3513 1051 3548 cum
1072 3512 1097 3557 c,
1124 3499 1187 3548 item
1205 3512 1220 3550 Α
1235 3497 1298 3545 dio·

121 3593 158 3636 es!
178 3591 249 3636 mort.
270 3587 323 3635 liin.
342 3589 367 3634 ei
384 3585 471 3634 diceus
490 3621 520 3634 ..
540 3598 557 3635 Β
575 3589 600 3633 et
617 3586 659 3633 dic
676 3586 765 3634 timens
783 3589 856 3634 mori.
876 3586 944 3634 dieu
959 3587 995 3644 {n
1014 3589 1040 3634 et
1057 3586 1115 3635 ideo
1132 3602 1208 3650 seque
1223 3585 1253 3632 ud
1266 3583 1300 3629 tor

123 3672 194 3720 illum
210 3672 322 3733 perduci
339 3676 364 3720 rt
383 3672 433 3719 iam
451 3672 522 3720 morlo
542 3678 593 3719 etc.

207 3760 232 3806 3.
270 3756 310 3807 cf.
330 3759 350 3805 h
376 3758 420 3816 lv,
440 3761 463 3807 3.
495 3758 611 3822 issemus
629 3791 659 3806 ..
685 3758 825 3821 cissam.
862 3758 930 3806 ltem
950 3757 1024 3806 aiibi.
1047 3755 1052 3818 Ι
1074 3758 1105 3806 Si
1122 3758 1177 3820 ipso
1192 3759 1227 3805 est
1242 3781 1250 3790 ·
1265 3768 1301 3800 m

127 3841 192 3902 (cdd
211 3841 265 3903 om)
284 3843 355 3891 horno
373 3847 410 3891 ert
428 3869 438 3879 ·
453 3840 601 3891 mandare:
620 3843 658 3891 ite
677 3856 709 3900 Ας
729 3843 821 3905 paucis
840 3842 968 3891 differunt
986 3854 1029 3892 ne·
1052 3842 1057 3899 Ι
1078 3843 1301 3904 penderentur..

128 3928 291 3992 rependens
314 3930 318 3989 Ι
340 3930 479 3992 peristelit
497 3945 556 3979 curu
575 3944 599 3987 c,
618 3929 761 3994 speram
781 3964 809 3978 ..
829 3942 846 3979 Β
864 3931 932 3978 daie
955 3927 960 3990 Ι
984 3929 1149 3992 rproioetu
1169 3930 1177 3988 1
1198 3932 1224 3977 t·
1238 3929 1302 3974 m

129 4014 157 4074 (c
174 4011 282 4076 semper)
300 4039 310 4048 -
328 4013 438 4062 dominio
457 4029 515 4062 cum
534 4026 567 4065 nc
587 4049 617 4063 ..
638 4028 654 4065 Α
673 4019 748 4077 tuque
765 4014 810 4062 sub
828 4030 881 4062 meo
899 4013 1070 4062 minaberis
1087 4015 1210 4062 meatu.

216 4095 262 4151 iv,
282 4097 305 4144 1.
334 4111 350 4147 c
368 4098 539 4147 contentiones
553 4098 557 4161 Ι
573 4099 673 4147 minime
690 4114 730 4146 se.-
748 4097 808 4145 cdd.
822 4114 863 4145 om
883 4115 908 4145 ce
923 4095 927 4159 Ι
943 4099 971 4145 in
989 4098 1145 4160 copatione.-
1163 4096 1303 4146 oddonem

130 4188 185 4230 tres
205 4180 303 4228 hebere
323 4180 448 4230 videntur
465 4181 617 4244 incoquet}
640 4183 690 4230 Sed
710 4219 717 4232 .
735 4217 741 4230 .
762 4197 777 4233 c
799 4183 907 4230 Tandem
922 4180 927 4244 Ι
943 4182 1009 4230 uenr't
1028 4217 1035 4230 .
1051 4216 1059 4231 .
1078 4193 1096 4231 B
1115 4177 1304 4242 admeti*

123 4301 153 4315 ..
175 4280 253 4317 scm
269 4262 273 4326 Ι
289 4278 305 4313 u
324 4281 365 4313 om
386 4270 411 4314 ct
429 4271 455 4315 ta
475 4271 573 4331 eaptus,
592 4270 657 4317 item
677 4285 724 4331 que
1039 4281 1042 4296 ¹

212 4356 236 4400 2.
273 4350 313 4399 cf.
332 4350 356 4400 A
376 4352 426 4400 111.
457 4370 531 4417 quam
549 4359 626 4404 const.
645 4380 656 4390 ·
674 4370 724 4418 prr
741 4355 827 4403 omnic
845 4370 904 4408 cum
923 4366 956 4403 Bc
975 4389 1002 4404 ..
1021 4369 1038 4405 Α
1057 4359 1138 4402 coum.
1159 4356 1304 4402 sermm

121 4441 257 4503 pendentis
272 4437 277 4502 Ι
293 4447 518 4505 concurrentesque
537 4472 546 4481 -
565 4442 712 4506 conglobati
731 4441 758 4504 (c
776 4441 829 4490 add
844 4457 927 4505 prope
947 4442 1013 4504 nm)
1032 4457 1092 4491 cum
1104 4455 1131 4501 rr,
1150 4443 1214 4490 item
1231 4452 1261 4490 c·
1274 4447 1304 4484 -Λ
