<?xml version="1.0" encoding="UTF-8"?>
<!DOCTYPE html PUBLIC "-//W3C//DTD XHTML 1.0 Transitional//EN"
    "http://www.w3.org/TR/xhtml1/DTD/xhtml1-transitional.dtd">
<html xmlns="http://www.w3.org/1999/xhtml" xml:lang="en" lang="en">
 <head>
  <title>
</title>
<meta http-equiv="Content-Type" content="text/html;charset=utf-8" />
  <meta name='ocr-system' content='tesseract 3.04.00' />
  <meta name='ocr-capabilities' content='ocr_page ocr_carea ocr_par ocr_line ocrx_word'/>
</head>
<body>
  <div class='ocr_page' id='page_1' title='image "./evangeliaapocry01tiscgoog_0036.png"; bbox 0 0 2880 5062; ppageno 0'>
   <div class='ocr_carea' id='block_1_1' title="bbox 583 388 1318 453">
    <p class='ocr_par' dir='ltr' id='par_1_1' title="bbox 583 388 1318 453">
     <span class='ocr_line' id='line_1_1' title="bbox 583 388 1318 453; baseline 0.003 -13"><span class='ocrx_word' id='word_1_1' title='bbox 583 388 855 444; x_wconf 75' lang='lat' dir='ltr'><strong>euonroounsi.</strong></span> <span class='ocrx_word' id='word_1_2' title='bbox 901 414 905 425; x_wconf 82' lang='lat'><strong>·</strong></span> <span class='ocrx_word' id='word_1_3' title='bbox 1006 395 1011 402; x_wconf 63' lang='grc'><strong>’·</strong></span> <span class='ocrx_word' id='word_1_4' title='bbox 1228 408 1318 453; x_wconf 68' lang='lat' dir='ltr'><strong>xm</strong></span> 
     </span>
    </p>
   </div>
   <div class='ocr_carea' id='block_1_2' title="bbox 116 537 1319 1832">
    <p class='ocr_par' dir='ltr' id='par_1_2' title="bbox 116 537 1319 630">
     <span class='ocr_line' id='line_1_2' title="bbox 116 537 1319 630; baseline 0.007 -28"><span class='ocrx_word' id='word_1_5' title='bbox 116 537 153 605; x_wconf 84' lang='lat' dir='ltr'><strong>de</strong></span> <span class='ocrx_word' id='word_1_6' title='bbox 179 543 326 608; x_wconf 84' lang='lat' dir='ltr'><strong>infantia</strong></span> <span class='ocrx_word' id='word_1_7' title='bbox 349 543 533 611; x_wconf 83' lang='lat' dir='ltr'><strong>Salvatoris</strong></span> <span class='ocrx_word' id='word_1_8' title='bbox 559 540 784 609; x_wconf 88' lang='lat' dir='ltr'><strong>instituendus</strong></span> <span class='ocrx_word' id='word_1_9' title='bbox 807 547 865 609; x_wconf 83' lang='lat' dir='ltr'><strong>est</strong></span> <span class='ocrx_word' id='word_1_10' title='bbox 911 541 1008 630; x_wconf 79' lang='lat' dir='ltr'><strong>Quod</strong></span> <span class='ocrx_word' id='word_1_11' title='bbox 1033 565 1133 628; x_wconf 91' lang='lat' dir='ltr'><strong>quam</strong></span> <span class='ocrx_word' id='word_1_12' title='bbox 1155 545 1241 609; x_wconf 93' lang='lat' dir='ltr'><strong>male</strong></span> <span class='ocrx_word' id='word_1_13' title='bbox 1263 545 1319 610; x_wconf 89' lang='lat' dir='ltr'><strong>ha·</strong></span> 
     </span>
    </p>

    <p class='ocr_par' dir='ltr' id='par_1_3' title="bbox 119 649 1318 1832">
     <span class='ocr_line' id='line_1_3' title="bbox 119 649 1318 739; baseline 0.003 -24"><span class='ocrx_word' id='word_1_14' title='bbox 119 649 206 736; x_wconf 85' lang='lat' dir='ltr'><strong>beat,</strong></span> <span class='ocrx_word' id='word_1_15' title='bbox 236 657 305 720; x_wconf 88' lang='lat' dir='ltr'><strong>iam</strong></span> <span class='ocrx_word' id='word_1_16' title='bbox 336 655 416 720; x_wconf 92' lang='lat' dir='ltr'><strong>olim</strong></span> <span class='ocrx_word' id='word_1_17' title='bbox 448 653 552 719; x_wconf 88' lang='lat' dir='ltr'><strong>sensit</strong></span> <span class='ocrx_word' id='word_1_18' title='bbox 581 654 610 718; x_wconf 91' lang='lat' dir='ltr'><strong>is</strong></span> <span class='ocrx_word' id='word_1_19' title='bbox 642 654 699 736; x_wconf 93' lang='lat' dir='ltr'><strong>qui</strong></span> <span class='ocrx_word' id='word_1_20' title='bbox 730 652 872 722; x_wconf 83' lang='lat' dir='ltr'><strong>alterum</strong></span> <span class='ocrx_word' id='word_1_21' title='bbox 901 654 1090 722; x_wconf 86' lang='lat' dir='ltr'><strong>litterarum</strong></span> <span class='ocrx_word' id='word_1_22' title='bbox 1121 655 1318 739; x_wconf 85' lang='lat' dir='ltr'><strong>Hieronymi</strong></span> 
     </span>
     <span class='ocr_line' id='line_1_4' title="bbox 127 762 1318 850; baseline 0 -19"><span class='ocrx_word' id='word_1_23' title='bbox 127 762 210 830; x_wconf 88' lang='lat' dir='ltr'><strong>tinxit</strong></span> <span class='ocrx_word' id='word_1_24' title='bbox 236 767 424 849; x_wconf 87' lang='lat' dir='ltr'><strong>eremplnm</strong></span> <span class='ocrx_word' id='word_1_25' title='bbox 435 767 476 848; x_wconf 89' lang='lat'><strong>¹),</strong></span> <span class='ocrx_word' id='word_1_26' title='bbox 507 766 543 830; x_wconf 92' lang='lat' dir='ltr'><strong>in</strong></span> <span class='ocrx_word' id='word_1_27' title='bbox 566 785 633 850; x_wconf 88' lang='lat' dir='ltr'><strong>quo</strong></span> <span class='ocrx_word' id='word_1_28' title='bbox 662 763 734 830; x_wconf 89' lang='lat' dir='ltr'><strong>sola</strong></span> <span class='ocrx_word' id='word_1_29' title='bbox 755 765 913 833; x_wconf 79' lang='lat' dir='ltr'><strong>nativitas</strong></span> <span class='ocrx_word' id='word_1_30' title='bbox 935 763 1067 833; x_wconf 81' lang='lat' dir='ltr'><strong>Mariae</strong></span> <span class='ocrx_word' id='word_1_31' title='bbox 1090 788 1129 832; x_wconf 89' lang='lat' dir='ltr'><strong>eo</strong></span> <span class='ocrx_word' id='word_1_32' title='bbox 1151 766 1318 832; x_wconf 80' lang='lat' dir='ltr'><strong>Matthaei</strong></span> 
     </span>
     <span class='ocr_line' id='line_1_5' title="bbox 134 875 1317 962; baseline 0.003 -23"><span class='ocrx_word' id='word_1_33' title='bbox 134 879 284 962; x_wconf 77' lang='lat' dir='ltr'><strong>evangelio</strong></span> <span class='ocrx_word' id='word_1_34' title='bbox 309 878 398 944; x_wconf 89' lang='lat' dir='ltr'><strong>tradi</strong></span> <span class='ocrx_word' id='word_1_35' title='bbox 426 877 478 943; x_wconf 88' lang='lat' dir='ltr'><strong>bis</strong></span> <span class='ocrx_word' id='word_1_36' title='bbox 501 876 637 957; x_wconf 87' lang='lat' dir='ltr'><strong>dicitur,</strong></span> <span class='ocrx_word' id='word_1_37' title='bbox 668 875 760 942; x_wconf 89' lang='lat' dir='ltr'><strong>nulla</strong></span> <span class='ocrx_word' id='word_1_38' title='bbox 785 897 922 960; x_wconf 89' lang='lat' dir='ltr'><strong>prorsus</strong></span> <span class='ocrx_word' id='word_1_39' title='bbox 948 877 1108 943; x_wconf 75' lang='lat' dir='ltr'><strong>infantiae</strong></span> <span class='ocrx_word' id='word_1_40' title='bbox 1132 876 1317 944; x_wconf 83' lang='lat' dir='ltr'><strong>Salvatoris</strong></span> 
     </span>
     <span class='ocr_line' id='line_1_6' title="bbox 136 987 1317 1071; baseline 0.002 -20"><span class='ocrx_word' id='word_1_41' title='bbox 136 990 280 1056; x_wconf 86' lang='lat' dir='ltr'><strong>mentione</strong></span> <span class='ocrx_word' id='word_1_42' title='bbox 303 990 438 1055; x_wconf 89' lang='lat' dir='ltr'><strong>iniecta.</strong></span> <span class='ocrx_word' id='word_1_43' title='bbox 482 987 711 1070; x_wconf 85' lang='lat' dir='ltr'><strong>Reperiuntur</strong></span> <span class='ocrx_word' id='word_1_44' title='bbox 733 994 846 1054; x_wconf 86' lang='lat' dir='ltr'><strong>autem</strong></span> <span class='ocrx_word' id='word_1_45' title='bbox 867 989 1066 1071; x_wconf 73' lang='lat' dir='ltr'><strong>posteriores</strong></span> <span class='ocrx_word' id='word_1_46' title='bbox 1087 991 1172 1055; x_wconf 90' lang='lat' dir='ltr'><strong>istae</strong></span> <span class='ocrx_word' id='word_1_47' title='bbox 1195 989 1317 1054; x_wconf 91' lang='lat' dir='ltr'><strong>Hiero·</strong></span> 
     </span>
     <span class='ocr_line' id='line_1_7' title="bbox 140 1097 1315 1183; baseline 0.003 -21"><span class='ocrx_word' id='word_1_48' title='bbox 140 1101 207 1182; x_wconf 88' lang='lat' dir='ltr'><strong>nymi</strong></span> <span class='ocrx_word' id='word_1_49' title='bbox 225 1100 358 1166; x_wconf 85' lang='lat' dir='ltr'><strong>litterae</strong></span> <span class='ocrx_word' id='word_1_50' title='bbox 381 1100 484 1164; x_wconf 88' lang='lat' dir='ltr'><strong>multo</strong></span> <span class='ocrx_word' id='word_1_51' title='bbox 508 1100 617 1164; x_wconf 90' lang='lat' dir='ltr'><strong>rarius</strong></span> <span class='ocrx_word' id='word_1_52' title='bbox 639 1100 674 1163; x_wconf 92' lang='lat' dir='ltr'><strong>in</strong></span> <span class='ocrx_word' id='word_1_53' title='bbox 697 1097 867 1164; x_wconf 90' lang='lat' dir='ltr'><strong>codicibus</strong></span> <span class='ocrx_word' id='word_1_54' title='bbox 890 1101 1150 1182; x_wconf 83' lang='lat' dir='ltr'><strong>quampriores,</strong></span> <span class='ocrx_word' id='word_1_55' title='bbox 1172 1100 1213 1165; x_wconf 89' lang='lat' dir='ltr'><strong>ad</strong></span> <span class='ocrx_word' id='word_1_56' title='bbox 1236 1121 1315 1183; x_wconf 89' lang='lat' dir='ltr'><strong>qua·</strong></span> 
     </span>
     <span class='ocr_line' id='line_1_8' title="bbox 141 1209 1316 1294; baseline 0.002 -19"><span class='ocrx_word' id='word_1_57' title='bbox 141 1231 195 1275; x_wconf 89' lang='lat' dir='ltr'><strong>run</strong></span> <span class='ocrx_word' id='word_1_58' title='bbox 214 1211 475 1277; x_wconf 85' lang='lat' dir='ltr'><strong>emendationem</strong></span> <span class='ocrx_word' id='word_1_59' title='bbox 496 1211 652 1276; x_wconf 85' lang='lat' dir='ltr'><strong>inventae</strong></span> <span class='ocrx_word' id='word_1_60' title='bbox 675 1216 762 1275; x_wconf 92' lang='lat' dir='ltr'><strong>sunt:</strong></span> <span class='ocrx_word' id='word_1_61' title='bbox 791 1210 872 1275; x_wconf 92' lang='lat' dir='ltr'><strong>mihi</strong></span> <span class='ocrx_word' id='word_1_62' title='bbox 894 1209 1028 1294; x_wconf 88' lang='lat' dir='ltr'><strong>quidem</strong></span> <span class='ocrx_word' id='word_1_63' title='bbox 1050 1232 1091 1275; x_wconf 86' lang='lat' dir='ltr'><strong>ex</strong></span> <span class='ocrx_word' id='word_1_64' title='bbox 1113 1211 1316 1277; x_wconf 85' lang='lat' dir='ltr'><strong>editionibus</strong></span> 
     </span>
     <span class='ocr_line' id='line_1_9' title="bbox 141 1321 1315 1406; baseline 0.001 -21"><span class='ocrx_word' id='word_1_65' title='bbox 141 1325 244 1387; x_wconf 76' lang='lat' dir='ltr'><strong>butum</strong></span> <span class='ocrx_word' id='word_1_66' title='bbox 271 1343 409 1406; x_wconf 88' lang='lat' dir='ltr'><strong>operum</strong></span> <span class='ocrx_word' id='word_1_67' title='bbox 435 1322 636 1405; x_wconf 86' lang='lat' dir='ltr'><strong>Hieronymi</strong></span> <span class='ocrx_word' id='word_1_68' title='bbox 664 1322 895 1402; x_wconf 87' lang='lat' dir='ltr'><strong>innotuerunt,</strong></span> <span class='ocrx_word' id='word_1_69' title='bbox 925 1321 1013 1388; x_wconf 91' lang='lat' dir='ltr'><strong>unde</strong></span> <span class='ocrx_word' id='word_1_70' title='bbox 1041 1322 1076 1386; x_wconf 92' lang='lat' dir='ltr'><strong>in</strong></span> <span class='ocrx_word' id='word_1_71' title='bbox 1104 1322 1315 1387; x_wconf 84' lang='lat' dir='ltr'><strong>collectiones</strong></span> 
     </span>
     <span class='ocr_line' id='line_1_10' title="bbox 143 1431 1314 1517; baseline -0.001 -19"><span class='ocrx_word' id='word_1_72' title='bbox 143 1434 375 1517; x_wconf 74' lang='lat' dir='ltr'><strong>apocryphorum</strong></span> <span class='ocrx_word' id='word_1_73' title='bbox 411 1435 627 1498; x_wconf 80' lang='lat' dir='ltr'><strong>transierunt</strong></span> <span class='ocrx_word' id='word_1_74' title='bbox 681 1431 837 1498; x_wconf 79' lang='lat' dir='ltr'><strong>Ceterum</strong></span> <span class='ocrx_word' id='word_1_75' title='bbox 868 1432 1059 1498; x_wconf 89' lang='lat' dir='ltr'><strong>emendator</strong></span> <span class='ocrx_word' id='word_1_76' title='bbox 1090 1433 1146 1498; x_wconf 94' lang='lat' dir='ltr'><strong>ille</strong></span> <span class='ocrx_word' id='word_1_77' title='bbox 1181 1433 1314 1498; x_wconf 85' lang='lat' dir='ltr'><strong>incaute</strong></span> 
     </span>
     <span class='ocr_line' id='line_1_11' title="bbox 142 1540 1314 1628; baseline 0.002 -23"><span class='ocrx_word' id='word_1_78' title='bbox 142 1540 188 1606; x_wconf 90' lang='lat' dir='ltr'><strong>loc</strong></span> <span class='ocrx_word' id='word_1_79' title='bbox 204 1544 275 1610; x_wconf 85' lang='lat' dir='ltr'><strong>lecit</strong></span> <span class='ocrx_word' id='word_1_80' title='bbox 293 1544 384 1628; x_wconf 90' lang='lat' dir='ltr'><strong>quod</strong></span> <span class='ocrx_word' id='word_1_81' title='bbox 407 1545 637 1627; x_wconf 89' lang='lat' dir='ltr'><strong>episcoporum</strong></span> <span class='ocrx_word' id='word_1_82' title='bbox 658 1544 788 1609; x_wconf 90' lang='lat' dir='ltr'><strong>litteras</strong></span> <span class='ocrx_word' id='word_1_83' title='bbox 809 1544 953 1609; x_wconf 90' lang='lat' dir='ltr'><strong>intactas</strong></span> <span class='ocrx_word' id='word_1_84' title='bbox 975 1545 1120 1627; x_wconf 90' lang='lat' dir='ltr'><strong>reliquit,</strong></span> <span class='ocrx_word' id='word_1_85' title='bbox 1142 1544 1314 1627; x_wconf 90' lang='lat' dir='ltr'><strong>inquibus</strong></span> 
     </span>
     <span class='ocr_line' id='line_1_12' title="bbox 143 1654 1311 1739; baseline 0.001 -20"><span class='ocrx_word' id='word_1_86' title='bbox 143 1655 239 1733; x_wconf 78' lang='lat' dir='ltr'><strong>peritur</strong></span> <span class='ocrx_word' id='word_1_87' title='bbox 267 1661 371 1739; x_wconf 89' lang='lat' dir='ltr'><strong>atque</strong></span> <span class='ocrx_word' id='word_1_88' title='bbox 400 1656 436 1720; x_wconf 87' lang='lat' dir='ltr'><strong>in</strong></span> <span class='ocrx_word' id='word_1_89' title='bbox 468 1655 666 1739; x_wconf 83' lang='lat' dir='ltr'><strong>Hieronymi</strong></span> <span class='ocrx_word' id='word_1_90' title='bbox 696 1676 854 1738; x_wconf 92' lang='lat' dir='ltr'><strong>responso</strong></span> <span class='ocrx_word' id='word_1_91' title='bbox 886 1655 926 1720; x_wconf 89' lang='lat' dir='ltr'><strong>de</strong></span> <span class='ocrx_word' id='word_1_92' title='bbox 959 1655 1102 1721; x_wconf 87' lang='lat' dir='ltr'><strong>infantia</strong></span> <span class='ocrx_word' id='word_1_93' title='bbox 1127 1654 1311 1721; x_wconf 81' lang='lat' dir='ltr'><strong>Salvatoris</strong></span> 
     </span>
     <span class='ocr_line' id='line_1_13' title="bbox 144 1773 302 1832; baseline 0.025 -6"><span class='ocrx_word' id='word_1_94' title='bbox 144 1782 226 1830; x_wconf 82' lang='lat' dir='ltr'><strong>sorno</strong></span> <span class='ocrx_word' id='word_1_95' title='bbox 245 1773 302 1832; x_wconf 90' lang='lat' dir='ltr'><strong>est.</strong></span> 
     </span>
    </p>
   </div>
   <div class='ocr_carea' id='block_1_3' title="bbox 143 1885 1315 2529">
    <p class='ocr_par' dir='ltr' id='par_1_4' title="bbox 143 1885 1315 2529">
     <span class='ocr_line' id='line_1_14' title="bbox 207 1885 1315 1970; baseline -0.003 -18"><span class='ocrx_word' id='word_1_96' title='bbox 207 1885 327 1970; x_wconf 79' lang='lat' dir='ltr'><strong>Quibus</strong></span> <span class='ocrx_word' id='word_1_97' title='bbox 356 1908 396 1952; x_wconf 83' lang='lat' dir='ltr'><strong>ex</strong></span> <span class='ocrx_word' id='word_1_98' title='bbox 425 1886 576 1952; x_wconf 91' lang='lat' dir='ltr'><strong>omnibus</strong></span> <span class='ocrx_word' id='word_1_99' title='bbox 604 1887 730 1951; x_wconf 88' lang='lat' dir='ltr'><strong>clarum</strong></span> <span class='ocrx_word' id='word_1_100' title='bbox 758 1886 808 1969; x_wconf 89' lang='lat' dir='ltr'><strong>fit,</strong></span> <span class='ocrx_word' id='word_1_101' title='bbox 838 1885 995 1969; x_wconf 86' lang='lat' dir='ltr'><strong>epistolas</strong></span> <span class='ocrx_word' id='word_1_102' title='bbox 1023 1887 1252 1969; x_wconf 90' lang='lat' dir='ltr'><strong>episcoporum</strong></span> <span class='ocrx_word' id='word_1_103' title='bbox 1281 1890 1315 1951; x_wconf 89' lang='lat' dir='ltr'><strong>et</strong></span> 
     </span>
     <span class='ocr_line' id='line_1_15' title="bbox 144 1990 1313 2082; baseline 0.004 -25"><span class='ocrx_word' id='word_1_104' title='bbox 144 1990 307 2082; x_wconf 86' lang='lat' dir='ltr'><strong>Hieronymi</strong></span> <span class='ocrx_word' id='word_1_105' title='bbox 330 2020 396 2064; x_wconf 93' lang='lat' dir='ltr'><strong>non</strong></span> <span class='ocrx_word' id='word_1_106' title='bbox 419 2019 518 2082; x_wconf 89' lang='lat' dir='ltr'><strong>posse</strong></span> <span class='ocrx_word' id='word_1_107' title='bbox 540 1997 582 2062; x_wconf 92' lang='lat' dir='ltr'><strong>ab</strong></span> <span class='ocrx_word' id='word_1_108' title='bbox 606 1999 677 2080; x_wconf 92' lang='lat' dir='ltr'><strong>ipso</strong></span> <span class='ocrx_word' id='word_1_109' title='bbox 700 1999 873 2063; x_wconf 81' lang='lat' dir='ltr'><strong>inventore</strong></span> <span class='ocrx_word' id='word_1_110' title='bbox 892 1998 1062 2080; x_wconf 82' lang='lat' dir='ltr'><strong>evangelio</strong></span> <span class='ocrx_word' id='word_1_111' title='bbox 1078 1997 1117 2062; x_wconf 91' lang='lat' dir='ltr'><strong>de</strong></span> <span class='ocrx_word' id='word_1_112' title='bbox 1136 1997 1313 2062; x_wconf 80' lang='lat' dir='ltr'><strong>nativitate</strong></span> 
     </span>
     <span class='ocr_line' id='line_1_16' title="bbox 144 2100 1313 2203; baseline -0.001 -29"><span class='ocrx_word' id='word_1_113' title='bbox 144 2100 243 2174; x_wconf 74' lang='lat' dir='ltr'><strong>Mariae</strong></span> <span class='ocrx_word' id='word_1_114' title='bbox 275 2110 442 2194; x_wconf 81' lang='lat' dir='ltr'><strong>praefixas</strong></span> <span class='ocrx_word' id='word_1_115' title='bbox 474 2131 563 2190; x_wconf 83' lang='lat' dir='ltr'><strong>esse,</strong></span> <span class='ocrx_word' id='word_1_116' title='bbox 599 2130 708 2203; x_wconf 84' lang='lat' dir='ltr'><strong>neque</strong></span> <span class='ocrx_word' id='word_1_117' title='bbox 739 2111 843 2192; x_wconf 86' lang='lat' dir='ltr'><strong>magis</strong></span> <span class='ocrx_word' id='word_1_118' title='bbox 875 2131 950 2174; x_wconf 89' lang='lat' dir='ltr'><strong>eum</strong></span> <span class='ocrx_word' id='word_1_119' title='bbox 986 2107 1136 2173; x_wconf 88' lang='lat' dir='ltr'><strong>libellum</strong></span> <span class='ocrx_word' id='word_1_120' title='bbox 1166 2106 1313 2173; x_wconf 91' lang='lat' dir='ltr'><strong>Pseudo-</strong></span> 
     </span>
     <span class='ocr_line' id='line_1_17' title="bbox 143 2210 1312 2305; baseline 0.003 -27"><span class='ocrx_word' id='word_1_121' title='bbox 143 2210 276 2286; x_wconf 81' lang='lat' dir='ltr'><strong>ldatthaei</strong></span> <span class='ocrx_word' id='word_1_122' title='bbox 299 2222 431 2286; x_wconf 90' lang='lat' dir='ltr'><strong>nomine</strong></span> <span class='ocrx_word' id='word_1_123' title='bbox 450 2221 573 2305; x_wconf 92' lang='lat' dir='ltr'><strong>quippe</strong></span> <span class='ocrx_word' id='word_1_124' title='bbox 597 2242 637 2285; x_wconf 86' lang='lat' dir='ltr'><strong>ex</strong></span> <span class='ocrx_word' id='word_1_125' title='bbox 659 2220 776 2285; x_wconf 89' lang='lat' dir='ltr'><strong>iisdem</strong></span> <span class='ocrx_word' id='word_1_126' title='bbox 800 2221 948 2303; x_wconf 89' lang='lat' dir='ltr'><strong>epistolis</strong></span> <span class='ocrx_word' id='word_1_127' title='bbox 972 2219 1121 2284; x_wconf 88' lang='lat' dir='ltr'><strong>desumto</strong></span> <span class='ocrx_word' id='word_1_128' title='bbox 1144 2239 1240 2301; x_wconf 88' lang='lat' dir='ltr'><strong>posse</strong></span> <span class='ocrx_word' id='word_1_129' title='bbox 1263 2220 1312 2282; x_wconf 91' lang='lat' dir='ltr'><strong>in·</strong></span> 
     </span>
     <span class='ocr_line' id='line_1_18' title="bbox 146 2323 1313 2414; baseline -0.001 -20"><span class='ocrx_word' id='word_1_130' title='bbox 146 2323 239 2407; x_wconf 69' lang='lat' dir='ltr'><strong>signiri.</strong></span> <span class='ocrx_word' id='word_1_131' title='bbox 279 2332 323 2397; x_wconf 93' lang='lat' dir='ltr'><strong>In</strong></span> <span class='ocrx_word' id='word_1_132' title='bbox 351 2333 457 2397; x_wconf 89' lang='lat' dir='ltr'><strong>altero</strong></span> <span class='ocrx_word' id='word_1_133' title='bbox 487 2353 566 2396; x_wconf 86' lang='lat' dir='ltr'><strong>vero</strong></span> <span class='ocrx_word' id='word_1_134' title='bbox 591 2331 678 2397; x_wconf 91' lang='lat' dir='ltr'><strong>libro</strong></span> <span class='ocrx_word' id='word_1_135' title='bbox 703 2332 760 2414; x_wconf 91' lang='lat' dir='ltr'><strong>qui</strong></span> <span class='ocrx_word' id='word_1_136' title='bbox 783 2338 817 2397; x_wconf 89' lang='lat' dir='ltr'><strong>et</strong></span> <span class='ocrx_word' id='word_1_137' title='bbox 839 2337 889 2396; x_wconf 89' lang='lat' dir='ltr'><strong>est</strong></span> <span class='ocrx_word' id='word_1_138' title='bbox 911 2335 945 2395; x_wconf 92' lang='lat' dir='ltr'><strong>et</strong></span> <span class='ocrx_word' id='word_1_139' title='bbox 967 2330 1159 2395; x_wconf 83' lang='lat' dir='ltr'><strong>inscribitur</strong></span> <span class='ocrx_word' id='word_1_140' title='bbox 1182 2333 1218 2394; x_wconf 81' lang='lat' dir='ltr'><strong>de</strong></span> <span class='ocrx_word' id='word_1_141' title='bbox 1243 2341 1313 2393; x_wconf 81' lang='lat' dir='ltr'><strong>ortu</strong></span> 
     </span>
     <span class='ocr_line' id='line_1_19' title="bbox 146 2435 1311 2529; baseline 0 -24"><span class='ocrx_word' id='word_1_142' title='bbox 146 2435 238 2505; x_wconf 72' lang='lat' dir='ltr'><strong>dictiue</strong></span> <span class='ocrx_word' id='word_1_143' title='bbox 256 2455 283 2507; x_wconf 83' lang='lat' dir='ltr'><strong>et</strong></span> <span class='ocrx_word' id='word_1_144' title='bbox 303 2447 437 2529; x_wconf 65' lang='lat' dir='ltr'><strong>iry&#39;oatia</strong></span> <span class='ocrx_word' id='word_1_145' title='bbox 459 2444 640 2523; x_wconf 80' lang='lat' dir='ltr'><strong>Salvatorir,</strong></span> <span class='ocrx_word' id='word_1_146' title='bbox 663 2442 748 2507; x_wconf 92' lang='lat' dir='ltr'><strong>nihil</strong></span> <span class='ocrx_word' id='word_1_147' title='bbox 771 2443 974 2508; x_wconf 90' lang='lat' dir='ltr'><strong>contrarium</strong></span> <span class='ocrx_word' id='word_1_148' title='bbox 996 2442 1138 2508; x_wconf 88' lang='lat' dir='ltr'><strong>babetur</strong></span> <span class='ocrx_word' id='word_1_149' title='bbox 1160 2441 1311 2524; x_wconf 90' lang='lat' dir='ltr'><strong>epistolis</strong></span> 
     </span>
    </p>
   </div>
   <div class='ocr_carea' id='block_1_4' title="bbox 145 2544 1309 2859">
    <p class='ocr_par' dir='ltr' id='par_1_5' title="bbox 145 2544 1309 2859">
     <span class='ocr_line' id='line_1_20' title="bbox 146 2544 1309 2639; baseline -0.002 -20"><span class='ocrx_word' id='word_1_150' title='bbox 146 2544 203 2625; x_wconf 66' lang='lat' dir='ltr'><strong>dlis,</strong></span> <span class='ocrx_word' id='word_1_151' title='bbox 225 2576 302 2637; x_wconf 86' lang='lat' dir='ltr'><strong>quas</strong></span> <span class='ocrx_word' id='word_1_152' title='bbox 325 2556 465 2639; x_wconf 88' lang='lat' dir='ltr'><strong>etipse,</strong></span> <span class='ocrx_word' id='word_1_153' title='bbox 494 2559 532 2619; x_wconf 89' lang='lat' dir='ltr'><strong>ut</strong></span> <span class='ocrx_word' id='word_1_154' title='bbox 553 2553 707 2635; x_wconf 83' lang='lat' dir='ltr'><strong>vidimus,</strong></span> <span class='ocrx_word' id='word_1_155' title='bbox 734 2555 769 2618; x_wconf 92' lang='lat' dir='ltr'><strong>in</strong></span> <span class='ocrx_word' id='word_1_156' title='bbox 792 2555 938 2637; x_wconf 88' lang='lat' dir='ltr'><strong>antiquis</strong></span> <span class='ocrx_word' id='word_1_157' title='bbox 965 2554 1058 2619; x_wconf 87' lang='lat' dir='ltr'><strong>codd.</strong></span> <span class='ocrx_word' id='word_1_158' title='bbox 1080 2554 1193 2618; x_wconf 90' lang='lat' dir='ltr'><strong>multis</strong></span> <span class='ocrx_word' id='word_1_159' title='bbox 1215 2574 1309 2635; x_wconf 89' lang='lat' dir='ltr'><strong>prae·</strong></span> 
     </span>
     <span class='ocr_line' id='line_1_21' title="bbox 145 2659 1308 2748; baseline -0.006 -13"><span class='ocrx_word' id='word_1_160' title='bbox 145 2659 239 2735; x_wconf 77' lang='lat' dir='ltr'><strong>l⁰⁸itse</strong></span> <span class='ocrx_word' id='word_1_161' title='bbox 262 2665 378 2731; x_wconf 88' lang='lat' dir='ltr'><strong>habet:</strong></span> <span class='ocrx_word' id='word_1_162' title='bbox 406 2670 610 2748; x_wconf 88' lang='lat' dir='ltr'><strong>quapropter</strong></span> <span class='ocrx_word' id='word_1_163' title='bbox 638 2666 715 2730; x_wconf 93' lang='lat' dir='ltr'><strong>hnic</strong></span> <span class='ocrx_word' id='word_1_164' title='bbox 737 2666 856 2729; x_wconf 92' lang='lat' dir='ltr'><strong>titulus</strong></span> <span class='ocrx_word' id='word_1_165' title='bbox 879 2665 1039 2746; x_wconf 83' lang='lat' dir='ltr'><strong>evangelii</strong></span> <span class='ocrx_word' id='word_1_166' title='bbox 1062 2663 1308 2730; x_wconf 76' lang='lat' dir='ltr'><strong>Pseudo-Mat</strong></span> 
     </span>
     <span class='ocr_line' id='line_1_22' title="bbox 146 2763 1230 2859; baseline 0.006 -25"><span class='ocrx_word' id='word_1_167' title='bbox 146 2763 207 2835; x_wconf 73' lang='lat' dir='ltr'><strong>thasi</strong></span> <span class='ocrx_word' id='word_1_168' title='bbox 225 2797 260 2841; x_wconf 83' lang='lat' dir='ltr'><strong>ex</strong></span> <span class='ocrx_word' id='word_1_169' title='bbox 280 2777 415 2842; x_wconf 89' lang='lat' dir='ltr'><strong>illarum</strong></span> <span class='ocrx_word' id='word_1_170' title='bbox 439 2776 657 2859; x_wconf 87' lang='lat' dir='ltr'><strong>epistolarum</strong></span> <span class='ocrx_word' id='word_1_171' title='bbox 680 2776 880 2841; x_wconf 90' lang='lat' dir='ltr'><strong>auctoritate</strong></span> <span class='ocrx_word' id='word_1_172' title='bbox 902 2774 1126 2839; x_wconf 88' lang='lat' dir='ltr'><strong>restituendus</strong></span> <span class='ocrx_word' id='word_1_173' title='bbox 1151 2780 1230 2840; x_wconf 89' lang='lat' dir='ltr'><strong>erat.</strong></span> 
     </span>
    </p>
   </div>
   <div class='ocr_carea' id='block_1_5' title="bbox 139 2891 1308 4314">
    <p class='ocr_par' dir='ltr' id='par_1_6' title="bbox 139 2891 1308 4314">
     <span class='ocr_line' id='line_1_23' title="bbox 205 2891 1308 2977; baseline 0.002 -21"><span class='ocrx_word' id='word_1_174' title='bbox 205 2891 268 2960; x_wconf 92' lang='lat' dir='ltr'><strong>Iam</strong></span> <span class='ocrx_word' id='word_1_175' title='bbox 295 2917 373 2961; x_wconf 83' lang='lat' dir='ltr'><strong>vero</strong></span> <span class='ocrx_word' id='word_1_176' title='bbox 402 2894 478 2961; x_wconf 90' lang='lat' dir='ltr'><strong>sede</strong></span> <span class='ocrx_word' id='word_1_177' title='bbox 506 2897 625 2960; x_wconf 89' lang='lat' dir='ltr'><strong>harum</strong></span> <span class='ocrx_word' id='word_1_178' title='bbox 654 2895 867 2977; x_wconf 87' lang='lat' dir='ltr'><strong>epistolarum</strong></span> <span class='ocrx_word' id='word_1_179' title='bbox 898 2894 970 2959; x_wconf 91' lang='lat' dir='ltr'><strong>iure</strong></span> <span class='ocrx_word' id='word_1_180' title='bbox 1001 2900 1129 2959; x_wconf 91' lang='lat' dir='ltr'><strong>mutata</strong></span> <span class='ocrx_word' id='word_1_181' title='bbox 1158 2899 1308 2958; x_wconf 89' lang='lat' dir='ltr'><strong>mutatur</strong></span> 
     </span>
     <span class='ocr_line' id='line_1_24' title="bbox 146 2997 1307 3089; baseline 0.01 -32"><span class='ocrx_word' id='word_1_182' title='bbox 146 2997 217 3068; x_wconf 85' lang='lat' dir='ltr'><strong>etiam</strong></span> <span class='ocrx_word' id='word_1_183' title='bbox 234 3006 390 3071; x_wconf 90' lang='lat' dir='ltr'><strong>indicium</strong></span> <span class='ocrx_word' id='word_1_184' title='bbox 413 3006 453 3071; x_wconf 87' lang='lat' dir='ltr'><strong>de</strong></span> <span class='ocrx_word' id='word_1_185' title='bbox 476 3006 651 3089; x_wconf 88' lang='lat' dir='ltr'><strong>utriusque</strong></span> <span class='ocrx_word' id='word_1_186' title='bbox 674 3005 750 3070; x_wconf 90' lang='lat' dir='ltr'><strong>libri</strong></span> <span class='ocrx_word' id='word_1_187' title='bbox 775 3011 896 3087; x_wconf 85' lang='lat' dir='ltr'><strong>aetate,</strong></span> <span class='ocrx_word' id='word_1_188' title='bbox 922 3005 1077 3084; x_wconf 90' lang='lat' dir='ltr'><strong>consilio,</strong></span> <span class='ocrx_word' id='word_1_189' title='bbox 1100 3005 1307 3085; x_wconf 86' lang='lat' dir='ltr'><strong>auctoritate,</strong></span> 
     </span>
     <span class='ocr_line' id='line_1_25' title="bbox 146 3113 1307 3203; baseline -0.007 -17"><span class='ocrx_word' id='word_1_190' title='bbox 146 3113 255 3186; x_wconf 81' lang='lat' dir='ltr'><strong>ldodin</strong></span> <span class='ocrx_word' id='word_1_191' title='bbox 277 3117 511 3184; x_wconf 89' lang='lat' dir='ltr'><strong>dissertatione</strong></span> <span class='ocrx_word' id='word_1_192' title='bbox 534 3123 651 3183; x_wconf 88' lang='lat' dir='ltr'><strong>nostra</strong></span> <span class='ocrx_word' id='word_1_193' title='bbox 678 3121 714 3181; x_wconf 84' lang='lat' dir='ltr'><strong>de</strong></span> <span class='ocrx_word' id='word_1_194' title='bbox 740 3118 959 3203; x_wconf 78' lang='lat' dir='ltr'><strong>eoanyeliorum</strong></span> <span class='ocrx_word' id='word_1_195' title='bbox 982 3117 1225 3201; x_wconf 76' lang='lat' dir='ltr'><strong>apocryphorum</strong></span> <span class='ocrx_word' id='word_1_196' title='bbox 1248 3120 1307 3179; x_wconf 85' lang='lat' dir='ltr'><strong>ori-</strong></span> 
     </span>
     <span class='ocr_line' id='line_1_26' title="bbox 143 3221 1308 3315; baseline -0.005 -17"><span class='ocrx_word' id='word_1_197' title='bbox 143 3221 192 3298; x_wconf 65' lang='lat' dir='ltr'><strong>ybs</strong></span> <span class='ocrx_word' id='word_1_198' title='bbox 213 3240 238 3292; x_wconf 78' lang='lat' dir='ltr'><strong>et</strong></span> <span class='ocrx_word' id='word_1_199' title='bbox 261 3253 318 3294; x_wconf 76' lang='lat' dir='ltr'><strong>usu</strong></span> <span class='ocrx_word' id='word_1_200' title='bbox 355 3231 393 3315; x_wconf 68' lang='lat' dir='ltr'><strong>§b</strong></span> <span class='ocrx_word' id='word_1_201' title='bbox 419 3232 467 3293; x_wconf 91' lang='grc'><strong>11.</strong></span> <span class='ocrx_word' id='word_1_202' title='bbox 499 3234 533 3294; x_wconf 89' lang='lat' dir='ltr'><strong>et</strong></span> <span class='ocrx_word' id='word_1_203' title='bbox 566 3232 615 3294; x_wconf 82' lang='lat'><strong>12.</strong></span> <span class='ocrx_word' id='word_1_204' title='bbox 646 3229 792 3294; x_wconf 85' lang='lat' dir='ltr'><strong>fecimus.</strong></span> <span class='ocrx_word' id='word_1_205' title='bbox 840 3228 897 3293; x_wconf 86' lang='lat' dir='ltr'><strong>Ad</strong></span> <span class='ocrx_word' id='word_1_206' title='bbox 929 3226 1017 3311; x_wconf 92' lang='lat' dir='ltr'><strong>quod</strong></span> <span class='ocrx_word' id='word_1_207' title='bbox 1048 3227 1135 3291; x_wconf 90' lang='lat' dir='ltr'><strong>enim</strong></span> <span class='ocrx_word' id='word_1_208' title='bbox 1166 3228 1308 3292; x_wconf 80' lang='lat' dir='ltr'><strong>maxime</strong></span> 
     </span>
     <span class='ocr_line' id='line_1_27' title="bbox 145 3338 1308 3424; baseline -0.002 -19"><span class='ocrx_word' id='word_1_209' title='bbox 145 3338 357 3418; x_wconf 69' lang='lat' dir='ltr'><strong>captatorem</strong></span> <span class='ocrx_word' id='word_1_210' title='bbox 395 3341 603 3424; x_wconf 82' lang='lat' dir='ltr'><strong>evangelium</strong></span> <span class='ocrx_word' id='word_1_211' title='bbox 636 3341 676 3405; x_wconf 88' lang='lat' dir='ltr'><strong>de</strong></span> <span class='ocrx_word' id='word_1_212' title='bbox 712 3340 887 3405; x_wconf 86' lang='lat' dir='ltr'><strong>nativitate</strong></span> <span class='ocrx_word' id='word_1_213' title='bbox 918 3339 1046 3404; x_wconf 87' lang='lat' dir='ltr'><strong>Mariae</strong></span> <span class='ocrx_word' id='word_1_214' title='bbox 1084 3339 1308 3419; x_wconf 89' lang='lat' dir='ltr'><strong>composuisse</strong></span> 
     </span>
     <span class='ocr_line' id='line_1_28' title="bbox 145 3437 1308 3533; baseline -0.003 -17"><span class='ocrx_word' id='word_1_215' title='bbox 145 3437 176 3504; x_wconf 72' lang='lat' dir='ltr'><strong>lli</strong></span> <span class='ocrx_word' id='word_1_216' title='bbox 195 3446 337 3533; x_wconf 85' lang='lat' dir='ltr'><strong>diximus,</strong></span> <span class='ocrx_word' id='word_1_217' title='bbox 370 3458 409 3517; x_wconf 87' lang='lat' dir='ltr'><strong>ut</strong></span> <span class='ocrx_word' id='word_1_218' title='bbox 438 3457 556 3516; x_wconf 88' lang='lat' dir='ltr'><strong>contra</strong></span> <span class='ocrx_word' id='word_1_219' title='bbox 582 3452 782 3532; x_wconf 86' lang='lat' dir='ltr'><strong>haereticos,</strong></span> <span class='ocrx_word' id='word_1_220' title='bbox 809 3451 1006 3516; x_wconf 90' lang='lat' dir='ltr'><strong>nominatim</strong></span> <span class='ocrx_word' id='word_1_221' title='bbox 1033 3448 1246 3513; x_wconf 89' lang='lat' dir='ltr'><strong>Manichaeos</strong></span> <span class='ocrx_word' id='word_1_222' title='bbox 1274 3454 1308 3513; x_wconf 89' lang='lat' dir='ltr'><strong>et</strong></span> 
     </span>
     <span class='ocr_line' id='line_1_29' title="bbox 144 3546 1308 3645; baseline 0 -22"><span class='ocrx_word' id='word_1_223' title='bbox 144 3546 346 3645; x_wconf 77' lang='lat' dir='ltr'><strong>donanistas,</strong></span> <span class='ocrx_word' id='word_1_224' title='bbox 375 3570 562 3629; x_wconf 89' lang='lat' dir='ltr'><strong>commento</strong></span> <span class='ocrx_word' id='word_1_225' title='bbox 592 3562 631 3628; x_wconf 93' lang='lat' dir='ltr'><strong>de</strong></span> <span class='ocrx_word' id='word_1_226' title='bbox 653 3561 805 3628; x_wconf 81' lang='lat' dir='ltr'><strong>Levitico</strong></span> <span class='ocrx_word' id='word_1_227' title='bbox 833 3583 952 3645; x_wconf 87' lang='lat' dir='ltr'><strong>genere</strong></span> <span class='ocrx_word' id='word_1_228' title='bbox 975 3559 1106 3625; x_wconf 87' lang='lat' dir='ltr'><strong>Mariae</strong></span> <span class='ocrx_word' id='word_1_229' title='bbox 1133 3559 1230 3624; x_wconf 90' lang='lat' dir='ltr'><strong>unice</strong></span> <span class='ocrx_word' id='word_1_230' title='bbox 1254 3558 1308 3623; x_wconf 90' lang='lat' dir='ltr'><strong>de-</strong></span> 
     </span>
     <span class='ocr_line' id='line_1_30' title="bbox 144 3658 1307 3756; baseline 0 -24"><span class='ocrx_word' id='word_1_231' title='bbox 144 3658 248 3737; x_wconf 68' lang='lat' dir='ltr'><strong>lectatos</strong></span> <span class='ocrx_word' id='word_1_232' title='bbox 276 3673 472 3739; x_wconf 73' lang='lat' dir='ltr'><strong>Dauidicam</strong></span> <span class='ocrx_word' id='word_1_233' title='bbox 503 3673 634 3739; x_wconf 89' lang='lat' dir='ltr'><strong>Mariae</strong></span> <span class='ocrx_word' id='word_1_234' title='bbox 665 3675 804 3756; x_wconf 83' lang='lat' dir='ltr'><strong>virginis</strong></span> <span class='ocrx_word' id='word_1_235' title='bbox 835 3672 1027 3755; x_wconf 85' lang='lat' dir='ltr'><strong>progeniem</strong></span> <span class='ocrx_word' id='word_1_236' title='bbox 1059 3671 1237 3748; x_wconf 85' lang='lat' dir='ltr'><strong>evinceret,</strong></span> <span class='ocrx_word' id='word_1_237' title='bbox 1273 3667 1307 3733; x_wconf 95' lang='lat' dir='ltr'><strong>id</strong></span> 
     </span>
     <span class='ocr_line' id='line_1_31' title="bbox 143 3777 1306 3868; baseline 0.008 -33"><span class='ocrx_word' id='word_1_238' title='bbox 143 3777 242 3862; x_wconf 84' lang='lat' dir='ltr'><strong>utrique</strong></span> <span class='ocrx_word' id='word_1_239' title='bbox 263 3785 433 3868; x_wconf 83' lang='lat' dir='ltr'><strong>evangelio</strong></span> <span class='ocrx_word' id='word_1_240' title='bbox 457 3805 628 3849; x_wconf 90' lang='lat' dir='ltr'><strong>commune</strong></span> <span class='ocrx_word' id='word_1_241' title='bbox 652 3791 709 3849; x_wconf 88' lang='lat' dir='ltr'><strong>est.</strong></span> <span class='ocrx_word' id='word_1_242' title='bbox 752 3784 860 3849; x_wconf 89' lang='lat' dir='ltr'><strong>Porro</strong></span> <span class='ocrx_word' id='word_1_243' title='bbox 884 3785 918 3848; x_wconf 90' lang='lat' dir='ltr'><strong>in</strong></span> <span class='ocrx_word' id='word_1_244' title='bbox 937 3781 1204 3848; x_wconf 90' lang='lat' dir='ltr'><strong>commendandis</strong></span> <span class='ocrx_word' id='word_1_245' title='bbox 1218 3781 1306 3845; x_wconf 80' lang='lat' dir='ltr'><strong>vitae</strong></span> 
     </span>
     <span class='ocr_line' id='line_1_32' title="bbox 143 3893 1307 3979; baseline -0.001 -22"><span class='ocrx_word' id='word_1_246' title='bbox 143 3895 307 3961; x_wconf 73' lang='lat' dir='ltr'><strong>monasticae</strong></span> <span class='ocrx_word' id='word_1_247' title='bbox 336 3896 523 3979; x_wconf 86' lang='lat' dir='ltr'><strong>praeceptis</strong></span> <span class='ocrx_word' id='word_1_248' title='bbox 551 3918 650 3978; x_wconf 84' lang='lat' dir='ltr'><strong>grave</strong></span> <span class='ocrx_word' id='word_1_249' title='bbox 679 3895 761 3960; x_wconf 91' lang='lat' dir='ltr'><strong>illud</strong></span> <span class='ocrx_word' id='word_1_250' title='bbox 785 3895 936 3959; x_wconf 86' lang='lat' dir='ltr'><strong>duximus</strong></span> <span class='ocrx_word' id='word_1_251' title='bbox 959 3893 1048 3978; x_wconf 92' lang='lat' dir='ltr'><strong>quod</strong></span> <span class='ocrx_word' id='word_1_252' title='bbox 1070 3898 1188 3958; x_wconf 90' lang='lat' dir='ltr'><strong>auctor</strong></span> <span class='ocrx_word' id='word_1_253' title='bbox 1210 3913 1307 3956; x_wconf 80' lang='lat' dir='ltr'><strong>evan·</strong></span> 
     </span>
     <span class='ocr_line' id='line_1_33' title="bbox 141 3996 1307 4088; baseline -0.007 -14"><span class='ocrx_word' id='word_1_254' title='bbox 141 3996 196 4074; x_wconf 65' lang='lat' dir='ltr'><strong>belli</strong></span> <span class='ocrx_word' id='word_1_255' title='bbox 220 4004 256 4070; x_wconf 90' lang='lat' dir='ltr'><strong>de</strong></span> <span class='ocrx_word' id='word_1_256' title='bbox 286 4007 461 4072; x_wconf 87' lang='lat' dir='ltr'><strong>nativitate</strong></span> <span class='ocrx_word' id='word_1_257' title='bbox 492 4006 623 4072; x_wconf 88' lang='lat' dir='ltr'><strong>Mariae</strong></span> <span class='ocrx_word' id='word_1_258' title='bbox 655 4006 740 4088; x_wconf 86' lang='lat' dir='ltr'>VII,</span> <span class='ocrx_word' id='word_1_259' title='bbox 771 4010 800 4071; x_wconf 88' lang='grc'><strong>4.</strong></span> <span class='ocrx_word' id='word_1_260' title='bbox 837 4007 1034 4087; x_wconf 89' lang='lat' dir='ltr'><strong>scripturam</strong></span> <span class='ocrx_word' id='word_1_261' title='bbox 1065 4002 1307 4085; x_wconf 80' lang='lat' dir='ltr'><strong>proterangelii</strong></span> 
     </span>
     <span class='ocr_line' id='line_1_34' title="bbox 140 4111 1305 4202; baseline -0.003 -23"><span class='ocrx_word' id='word_1_262' title='bbox 140 4124 190 4189; x_wconf 73' lang='lat'><em>01¹1).</em></span> <span class='ocrx_word' id='word_1_263' title='bbox 198 4111 289 4182; x_wconf 79' lang='lat' dir='ltr'>VIII.</span> <span class='ocrx_word' id='word_1_264' title='bbox 312 4118 399 4181; x_wconf 76' lang='lat' dir='ltr'><strong>rodo</strong></span> <span class='ocrx_word' id='word_1_265' title='bbox 420 4117 636 4202; x_wconf 68' lang='lat' dir='ltr'><strong>yepedopruo</strong></span> <span class='ocrx_word' id='word_1_266' title='bbox 657 4115 721 4180; x_wconf 79' lang='grc' dir='ltr'><strong>τοῦ</strong></span> <span class='ocrx_word' id='word_1_267' title='bbox 743 4113 831 4179; x_wconf 80' lang='grc' dir='ltr'>λαοῦ</span> <span class='ocrx_word' id='word_1_268' title='bbox 854 4115 997 4180; x_wconf 85' lang='lat' dir='ltr'><strong>reddidit</strong></span> <span class='ocrx_word' id='word_1_269' title='bbox 1019 4114 1154 4195; x_wconf 86' lang='lat' dir='ltr'><strong>„nuptui</strong></span> <span class='ocrx_word' id='word_1_270' title='bbox 1176 4113 1305 4178; x_wconf 85' lang='lat' dir='ltr'><strong>habiles</strong></span> 
     </span>
     <span class='ocr_line' id='line_1_35' title="bbox 139 4223 1306 4314; baseline -0.003 -23"><span class='ocrx_word' id='word_1_271' title='bbox 139 4235 186 4284; x_wconf 77' lang='lat'>1¹01]</span> <span class='ocrx_word' id='word_1_272' title='bbox 203 4230 423 4314; x_wconf 82' lang='lat' dir='ltr'><strong>coniugatos“,</strong></span> <span class='ocrx_word' id='word_1_273' title='bbox 451 4251 592 4312; x_wconf 89' lang='lat' dir='ltr'><strong>quorum</strong></span> <span class='ocrx_word' id='word_1_274' title='bbox 614 4229 686 4293; x_wconf 90' lang='lat' dir='ltr'><strong>loco</strong></span> <span class='ocrx_word' id='word_1_275' title='bbox 709 4225 1048 4293; x_wconf 86' lang='lat' dir='ltr'><strong>Pseudo-Matthaeus</strong></span> <span class='ocrx_word' id='word_1_276' title='bbox 1071 4231 1185 4290; x_wconf 85' lang='lat' dir='ltr'><strong>noster</strong></span> <span class='ocrx_word' id='word_1_277' title='bbox 1207 4223 1306 4288; x_wconf 84' lang='lat' dir='ltr'><strong>habet</strong></span> 
     </span>
    </p>
   </div>
   <div class='ocr_carea' id='block_1_6' title="bbox 138 4357 316 4381">
    <p class='ocr_par' dir='ltr' id='par_1_7' title="bbox 138 4357 316 4381">
     <span class='ocr_line' id='line_1_36' title="bbox 138 4357 316 4381; baseline 0 0"><span class='ocrx_word' id='word_1_278' title='bbox 138 4357 316 4381; x_wconf 44' lang='grc' dir='ltr'><strong>χ..-</strong></span> 
     </span>
    </p>
   </div>
   <div class='ocr_carea' id='block_1_7' title="bbox 200 4451 817 4521">
    <p class='ocr_par' dir='ltr' id='par_1_8' title="bbox 200 4451 817 4521">
     <span class='ocr_line' id='line_1_37' title="bbox 200 4451 817 4521; baseline -0.005 -12"><span class='ocrx_word' id='word_1_279' title='bbox 200 4451 218 4518; x_wconf 82' lang='lat'><strong>¹)</strong></span> <span class='ocrx_word' id='word_1_280' title='bbox 233 4457 264 4509; x_wconf 89' lang='lat' dir='ltr'><strong>lu</strong></span> <span class='ocrx_word' id='word_1_281' title='bbox 282 4459 474 4509; x_wconf 79' lang='lat' dir='ltr'><strong>commentario</strong></span> <span class='ocrx_word' id='word_1_282' title='bbox 493 4457 683 4521; x_wconf 79' lang='lat' dir='ltr'><strong>adscripsimus</strong></span> <span class='ocrx_word' id='word_1_283' title='bbox 701 4471 761 4521; x_wconf 77' lang='lat' dir='ltr'><strong>pag.</strong></span> <span class='ocrx_word' id='word_1_284' title='bbox 774 4457 817 4506; x_wconf 75' lang='grc'><strong>52.</strong></span> 
     </span>
    </p>
   </div>
   <div class='ocr_carea' id='block_1_8' title="bbox 0 0 1444 5062">
    <p class='ocr_par' dir='ltr' id='par_1_9' title="bbox 0 0 1444 5062">
     <span class='ocr_line' id='line_1_38' title="bbox 0 0 1444 5062; baseline 0 2"><span class='ocrx_word' id='word_1_285' title='bbox 0 0 1444 5062; x_wconf 95' lang='lat' dir='ltr'><strong> </strong></span> 
     </span>
    </p>
   </div>
  </div>
 </body>
</html>
