2880 5062
336 385 541 438 DESOENSUS
560 387 702 438 CHRISTI
722 390 768 438 ln
789 387 949 438 lusuros
978 388 1026 437 xl.
1046 387 1108 436 llll.
1266 385 1329 449 409

118 560 254 620 eorum,
282 539 396 603 statim
424 537 546 620 Ioseph
575 543 609 602 et
635 535 838 602 Nicodemus
867 538 1150 602 annuntiaverunt
1177 538 1330 620 praesidi.

116 644 168 708 Et
200 644 272 726 ipse.
295 641 426 707 Pilatus
460 642 594 724 scripsit
626 643 738 706 omnia
766 663 850 724 quae
883 648 978 723 gesta
1006 647 1039 705 et
1067 641 1158 706 dicta
1185 647 1261 705 sunt
1290 641 1329 706 de

116 746 200 812 Iesu
229 745 422 826 aIudaeis‚
451 750 485 809 et
512 745 623 827 posuit
652 744 762 808 omnia
785 744 888 808 verba
915 743 950 808 in
979 743 1148 809 codicibus
1169 746 1330 827 praetorii

116 849 173 913 sui
196 846 348 931 publicis.

495 981 614 1048 expuo
637 982 722 1048 xu.
759 982 960 1068 (xxvrrr.)

209 1102 375 1169 Posthaec
406 1103 577 1185 ingressus
605 1101 737 1167 Pilatus
769 1102 928 1186 templum
959 1102 1163 1167 Iudaeorum
1194 1124 1330 1185 congre·

117 1207 214 1291 gavit
243 1228 356 1271 omnes
383 1206 552 1289 principes
580 1205 790 1271 sacerdotum
818 1211 851 1271 et
880 1206 1116 1289 grammaticos
1144 1211 1177 1270 et
1204 1207 1331 1271 scribas

118 1318 155 1377 et
177 1311 263 1393 legis
279 1311 439 1393 doctores,
463 1314 496 1374 et
518 1310 688 1392 ingressus
712 1315 762 1374 est
785 1332 858 1374 cum
883 1310 930 1374 eis
953 1311 988 1374 in
1007 1311 1192 1376 sacrarium
1208 1309 1331 1392 templi,

119 1420 155 1478 et
178 1413 289 1477 iussus
312 1420 350 1477 ut
373 1434 486 1477 omnes
509 1415 630 1478 ianuae
654 1412 897 1495 clauderentur,
921 1419 955 1476 et
979 1413 1061 1477 dixit
1085 1414 1145 1479 eis:
1167 1413 1330 1477 Auditum

117 1516 282 1582 habemus
299 1516 387 1599 quod
409 1515 578 1599 quandam
601 1537 756 1600 magnam
779 1516 1017 1581 bibliothecam
1039 1516 1170 1581 habetis
1193 1517 1227 1580 in
1249 1522 1330 1579 tem-

119 1618 177 1702 plo
206 1619 289 1683 isto:
319 1624 457 1701 propter
485 1617 547 1682 hoc
570 1639 651 1702 rogo
674 1639 731 1682 vos
754 1623 792 1681 ut
815 1624 892 1683 ante
916 1640 976 1682 nos
998 1624 1240 1701 praesentetur.
1284 1617 1331 1681 Et

121 1740 197 1785 cum
228 1724 466 1802 apportaretur
494 1720 569 1801 ipsa
597 1719 799 1784 bibliotheca
826 1741 846 1784 a
871 1724 1032 1802 quattuor
1058 1720 1220 1783 ministris
1249 1740 1330 1784 auro

121 1829 156 1888 et
179 1823 319 1906 gemmis
342 1823 499 1904 pretiosis
522 1829 657 1905 ornata,
686 1823 770 1887 dixit
790 1822 922 1889 Pilatus
952 1822 995 1888 ad
1022 1844 1151 1887 omnes:
1184 1822 1331 1888 Coniuro

119 1946 179 1990 vos
202 1945 262 2007 per
285 1923 382 1988 deum
405 1930 539 2006 patrum
561 1930 757 2006 vestrorum,
781 1925 836 2006 qui
860 1925 956 1990 iussit
978 1946 1035 1990 vos
1058 1925 1219 2006 templum
1241 1922 1331 1988 istud
1368 2004 1370 2008 Ι

119 2025 302 2092 aedificare
333 2025 405 2091 loco
437 2027 576 2092 sacrarii
608 2029 696 2109 eius,
732 2049 772 2092 ne
804 2049 918 2092 verum
948 2028 1029 2092 mihi
1060 2027 1211 2093 taceatis,
1259 2026 1331 2094 Vos

119 2130 228 2193 nostis
252 2130 363 2194 omnia
386 2151 472 2212 quae
496 2131 621 2212 scripta
649 2137 726 2194 sunt
754 2131 788 2194 in
815 2131 881 2195 ista
908 2130 1126 2209 bibliotheca;
1158 2129 1215 2195 sed
1244 2151 1331 2193 nunc

119 2233 223 2297 dicite
256 2234 283 2296 si
305 2255 362 2298 vos
390 2233 425 2296 in
456 2234 632 2316 scripturis
659 2234 834 2298 invenistis
857 2235 957 2298 istum
979 2235 1105 2316 Iesum,
1137 2254 1235 2315 quem
1258 2254 1330 2296 cru·

119 2334 288 2417 affixistis,
319 2357 391 2399 esse
415 2335 520 2399 filium
544 2335 597 2400 dei
620 2342 797 2401 venturum
819 2358 879 2418 pro
903 2337 1011 2402 salute
1034 2337 1164 2420 generis
1186 2335 1331 2417 humani,

119 2444 154 2500 et
186 2437 220 2499 in
251 2436 385 2518 quantis
418 2437 512 2501 annis
544 2441 732 2518 temporum
764 2438 876 2502 venire
910 2437 1063 2503 debebat.
1113 2436 1330 2501 Manifestate

119 2537 201 2602 mihi
225 2538 253 2601 si
276 2539 470 2620 ignorantes
493 2560 568 2603 eum
592 2538 803 2603 crucifixistis
827 2545 886 2604 aut
909 2540 1060 2604 scientes

117 2739 302 2797 adnunciaver.
315 2750 401 2797 amala
418 2749 590 2812 supradicta
601 2748 696 2798 Pontio
708 2747 807 2797 Pilato.
845 2747 919 2796 Haec
937 2747 1045 2796 audiens
1062 2747 1116 2796 Pa.
1135 2747 1197 2797 tulit
1213 2747 1328 2808 otoorpla

118 2831 192 2881 dle-ia
204 2831 296 2880 Leucil
313 2837 338 2880 et
353 2832 444 2880 Carini
460 2848 478 2879 a
490 2832 549 2881 Nlo.
561 2835 587 2880 el
599 2834 651 2880 loe.
666 2833 768 2881 tradita
785 2837 810 2881 et
824 2833 913 2893 poeull
930 2846 962 2880 ea
979 2833 1006 2880 is
1020 2831 1133 2893 publicio
1151 2831 1224 2881 coda.
1238 2835 1326 2892 prael.

117 2917 159 2965 aul
178 2949 209 2964 ..
231 2914 291 2964 cdl)r
304 2915 358 2964 Ios.
376 2931 436 2964 uero
454 2921 479 2964 el
496 2915 555 2966 Nic.
570 2917 658 2964 atatim
677 2919 827 2966 annulatae.
843 2915 963 2976 praestan
980 2917 1072 2972 amaia,
1090 2930 1154 2977 qaae
1172 2916 1226 2976 lpse
1239 2914 1329 2975 potuit

118 3000 146 3048 u·
163 2998 239 3049 codd.
254 2998 326 3059 publ.
340 3001 473 3061 praetoris·
491 3035 517 3050 ..
537 2998 616 3048 Havn
635 3014 678 3048 orn
740 2999 742 3002 ’

207 3084 269 3135 xll.
298 3084 439 3135 Omittnnt
463 3085 513 3135 boc
532 3089 615 3150 caput
637 3075 685 3136 „be
704 3086 783 3135 Havn
803 3085 879 3145 0d9r3
904 3085 1007 3136 habent
1024 3085 1058 3136 1)·
1076 3085 1143 3134 Amb
1162 3082 1215 3135 Hal
1233 3070 1328 3146 hips⁰<¹

118 3170 181 3222 adl>r
199 3187 283 3236 germ.

205 3257 293 3306 Porll.
313 3281 323 3291 ·
342 3272 446 3306 omnes.
463 3256 550 3307 ,Δηώ
570 3257 608 3306 ut
621 3258 745 3319 postam
759 3258 889 3319 inpressae
899 3255 954 3305 Ps'l.
969 3258 996 3304 ia
1013 3255 1099 3320 tevapl.
1112 3255 1172 3305 lud.
1187 3255 1284 3304 invenlt
1301 3254 1328 3302 ia

117 3348 250 3405 tympoqa
259 3355 354 3403 mapsa
365 3344 391 3389 et
404 3339 508 3403 (dolel)
521 3344 688 3405 conprepatos
699 3356 783 3390 armes
796 3375 803 3389 .
816 3376 823 3389 .
838 3340 891 3389 Hal
902 3341 990 3389 Poeta.
1006 3341 1135 3402 luorum
1146 3338 1199 3388 Pu.
1209 3336 1328 3401 templum

117 3427 268 3475 mooeaoil
294 3441 378 3474 cmm
402 3423 406 3486 l
427 3426 514 3490 princ.
537 3441 590 3473 aaa.
612 3429 638 3474 et
662 3441 769 3488 pralon.
797 3424 834 3485 (el
855 3441 896 3489 qr.
916 3439 948 3473 ex
972 3424 1040 3473 Amb
1058 3411 1168 3487 bips⁰d;
1192 3422 1226 3472 1)·
1244 3420 1299 3482 om)
1317 3446 1328 3458 -

117 3513 237 3561 doctam
254 3545 284 3560 ..
304 3512 357 3562 Hal
377 3512 488 3561 Iudaeos
504 3516 530 3561 et
544 3509 727 3575 qrammaticos
741 3512 746 3574 Ι
761 3516 786 3561 el
806 3514 882 3560 iussit
898 3539 909 3550 ·
926 3510 981 3560 (lia.
995 3511 1032 3559 ela
1049 3545 1056 3559 .
1072 3545 1079 3558 .
1098 3509 1165 3558 Amb
1184 3512 1210 3556 el
1226 3509 1329 3572 royaoit

118 3597 173 3647 Pil.
189 3613 282 3654 onmes,
300 3603 325 3646 el
340 3598 476 3660 praecepit
493 3597 614 3646 claudere
632 3599 724 3646 ianuas
740 3601 767 3646 el
782 3597 836 3646 dlx.
851 3597 886 3645 od
902 3596 1002 3654 amaea!
1020 3595 1087 3644 Amb
1100 3594 1252 3643 Audivimus
1267 3595 1328 3657 qaia

117 3701 212 3749 mna
227 3684 287 3734 brol.
300 3688 339 3733 erl
355 3687 382 3733 la
394 3684 483 3746 ampla·
495 3687 543 3733 leto
556 3685 675 3734 sacrario
689 3683 755 3746 (Hal
768 3699 810 3732 om
829 3688 855 3731 ia
868 3689 901 3732 le.
917 3682 988 3743 irio).
1024 3684 1096 3745 Rapo
1108 3698 1153 3731 oon
1164 3687 1193 3731 ut
1205 3696 1326 3745 praesen·

118 3775 188 3822 lotor
202 3773 260 3833 ipsa
277 3771 337 3819 bibl.
352 3772 379 3818 ia
394 3771 510 3819 manibus
521 3773 621 3821 vestra.
638 3770 641 3833 l
657 3771 697 3821 El
708 3787 763 3819 mom
775 3774 961 3835 apportaretur
974 3775 1017 3819 cte
1031 3785 1062 3819 ex
1075 3756 1170 3833 Ilipsld
1190 3803 1197 3816 .
1213 3804 1220 3818 .
1242 3767 1277 3818 1)·
1290 3768 1328 3815 Εἰ

118 3874 173 3907 απ)
184 3859 363 3920 capadocem
376 3856 449 3906 illam
465 3857 524 3907 bibl.
537 3873 622 3921 mayn.
636 3874 654 3905 a
666 3874 706 3921 qa.
719 3859 847 3906 ministris
858 3882 868 3892 ·
880 3860 1007 3913 amatam,
1025 3856 1091 3905 item
1104 3855 1173 3904 Amb
1187 3854 1327 3918 Hocsacio

118 3942 212 3992 Iudaei
230 3944 317 4006 itaque
334 3941 510 3991 bibliothecam
530 3957 614 4004 alapa.
632 3959 648 3990 a
669 3958 711 4006 qa.
724 3945 784 3992 min.
797 3942 998 4003 deportaverant
1017 3965 1028 3975 ·
1049 3944 1167 3988 ornatam
1187 3938 1192 4002 Ι
1213 3939 1279 3988 Amb
1297 3953 1328 3984 er

117 4042 183 4076 auro
197 4027 204 4086 Ι
219 4030 244 4075 el
258 4042 348 4089 paeana.
361 4030 428 4087 pret.
448 4041 507 4074 cum
523 4025 558 4075 1)·
568 4025 638 4075 Amb
657 4061 664 4074 .
681 4061 687 4074 .
707 4013 802 4088 laips⁰d
814 4030 840 4073 et
857 4030 963 4087 arpenta
979 4023 984 4086 Ι
1001 4024 1110 4073 Castora
1130 4057 1160 4073 ..
1180 4022 1213 4073 1)·
1225 4025 1327 4074 Adiuro

120 4109 124 4173 l
141 4115 248 4173 pamm
266 4116 374 4160 σαῖνον.
401 4126 460 4158 cnm
479 4109 545 4158 Amb
566 4145 596 4160 ..
615 4110 650 4161 1)·
668 4114 712 4160 etc
728 4115 829 4172 patrem
847 4115 957 4159 vertum
979 4111 982 4170 Ι
1005 4108 1048 4173 qui
1065 4109 1140 4158 iasar
1157 4133 1167 4144 ·
1185 4124 1254 4158 eaor.
1274 4111 1329 4158 elas

119 4212 177 4249 curn
196 4197 266 4246 Amb
285 4233 314 4248 ..
332 4197 366 4247 1)·
383 4199 427 4261 qai
442 4197 513 4262 sealt
531 4213 563 4245 ao
581 4198 655 4246 hesit
672 4197 757 4259 emal.
775 4195 845 4246 iered
863 4196 1001 4261 acdnflean'
1020 4194 1024 4257 Ι
1043 4195 1110 4244 Amb
1129 4211 1172 4244 orn
1194 4211 1225 4244 ue
1242 4210 1326 4244 oerum

118 4284 161 4335 ml.
180 4289 232 4334 tae.
257 4282 262 4343 1
286 4285 330 4332 ud
348 4300 414 4332 am
430 4285 508 4334 dieite
526 4283 571 4343 (1)·
589 4283 705 4345 osaea)
728 4285 751 4332 ei
769 4298 827 4333 cum
847 4283 899 4331 Hal
918 4271 1012 4346 luipoed
1033 4316 1064 4332 ..
1084 4280 1150 4330 Amb
1168 4287 1192 4330 el
1210 4281 1234 4329 ei
1257 4281 1261 4339 l
1285 4281 1327 4328 de·

118 4369 191 4419 balal
213 4383 273 4418 cum
296 4368 362 4417 Amb
388 4405 394 4418 .
416 4404 423 4418 .
449 4368 482 4419 1)·
504 4369 631 4418 debuisset
656 4368 661 4431 1
688 4369 712 4417 sl
735 4371 882 4431 ipsomules
901 4395 910 4406 ·
931 4369 1039 4416 soleam
1063 4382 1122 4417 curn
1140 4366 1207 4415 Amb
1234 4401 1240 4414 .
1262 4400 1269 4414 .
1294 4365 1328 4415 1)·

117 4461 161 4507 etc
180 4471 224 4506 om
