2880 5062
119 388 246 436 mm
584 363 856 416 anennoounun.

120 522 243 589 saeculi
275 521 343 587 fere
365 518 445 584 XV.
494 519 548 582 Ex
574 537 597 582 n
625 514 761 599 quidem
790 512 1022 580 tantummodo
1053 512 1188 578 initium
1216 536 1293 598 usqi

120 641 200 699 τοῖσ
223 630 409 719 ἑγμωκόσψ
433 628 493 714 τὸμ
517 627 607 714 dedu,
631 632 665 693 et
685 627 785 692 linem
806 626 882 692 inde
905 648 926 692 a
948 624 1056 692 verbis
1079 628 1129 689 καὶ
1153 625 1293 709 {xtende

121 744 313 832 γεμόμεμᾳσ
335 741 555 825 ὃἾωάμμκσς
577 739 661 804 duos
675 759 753 804 vero
774 738 903 804 codices
925 737 1073 820 reliquos
1095 735 1193 819 plene
1217 743 1293 802 trnt

120 875 316 939 scripsimus.

361 1039 465 1106 XXI.
508 1037 745 1106 VINDIOTA
770 1036 1080 1104 SALVATORIS.

207 1179 306 1244 Hanc
323 1182 361 1243 ut
379 1177 509 1241 ederem
528 1176 712 1255 historiam,
736 1176 913 1239 commovit
930 1196 981 1240 me
999 1174 1141 1256 libellus,
1162 1198 1184 1241 a
1199 1175 1293 1241 Iaco

121 1291 251 1360 Grimm
273 1309 401 1354 mecum
424 1287 701 1368 communicatus,
728 1308 834 1369 nuper
863 1285 1098 1369 Cantabrigiae
1127 1286 1239 1352 editus
1261 1287 1293 1353 h

120 1402 233 1467 titulo:
261 1401 328 1463 The
344 1400 554 1486 Aeolo-saxon
573 1399 712 1485 Leqeade
733 1403 774 1484 uf
793 1399 836 1462 st.
860 1398 993 1463 Audrew
1014 1399 1080 1461 aad
1103 1399 1148 1462 St.
1167 1399 1293 1462 Verani

121 1513 235 1577 Ediud
251 1515 313 1596 sor
341 1513 388 1574 the
418 1509 600 1605 Comdridqe
621 1511 830 1595 Antiquorion
863 1510 995 1594 Society,
1026 1511 1096 1572 with
1123 1533 1166 1574 an
1194 1511 1293 1596 anl

122 1624 312 1702 translation,
336 1624 374 1708 dy
399 1621 524 1686 Charles
554 1621 691 1708 Wyeliffe
717 1621 874 1684 Goodwz'u.
913 1617 1121 1703 Cambridge,
1139 1622 1234 1685 1851.
1271 1623 1293 1686 A

124 1739 198 1800 tera
221 1734 307 1798 enim
324 1734 442 1799 harum
457 1731 645 1798 fabularum
653 1733 689 1814 ¹),
711 1754 732 1797 a
747 1732 932 1800 Goodwino
955 1753 995 1796 ex
1018 1730 1190 1797 codicibus
1213 1731 1293 1816 angl

123 1845 288 1910 saxonicis
311 1845 410 1927 edita,
434 1845 503 1909 sine
527 1843 628 1909 dubio
653 1865 692 1908 ex
714 1842 826 1908 libello
847 1847 963 1907 nostro
986 1840 1137 1908 derivata
1160 1847 1220 1908 est.
1259 1843 1293 1908 Η

124 1977 202 2021 vero
231 1955 311 2021 satis
338 1953 449 2042 differt
474 1955 515 2019 ab
544 1954 609 2020 alio
633 1954 757 2036 scripto
782 1953 896 2033 simili,
929 1953 1017 2036 qnod
1039 1954 1090 2018 vir
1113 1955 1293 2022 doctissim·

123 2066 296 2149 Goodwin,
320 2050 364 2130 in'
377 2087 416 2131 ea
439 2071 529 2131 certe
552 2070 647 2149 parte
672 2086 756 2148 quae
780 2069 831 2130 est
854 2063 894 2130 de
916 2065 1094 2148 Veronica,
1116 2088 1177 2149 pro
1201 2065 1293 2132 fabul

122 2179 206 2243 toris
236 2177 485 2260 anglosaxonici
516 2176 607 2241 fonte
636 2175 762 2241 habuit.
812 2174 908 2240 Dicit
938 2177 1025 2241 enim
1064 2178 1131 2241 The
1161 2179 1262 2265 leqeud

133 2290 280 2352 Verouica
312 2293 343 2351 iu
374 2291 412 2350 its
442 2286 577 2373 oriqinal
594 2291 687 2372 form
717 2291 743 2351 ia
762 2289 873 2372 souud
898 2292 929 2350 ia
956 2313 976 2351 a
999 2288 1095 2352 latin
1117 2293 1266 2353 conadae

120 2409 212 2486 qreat
237 2402 384 2485 antiquita
411 2399 537 2462 mutue.
583 2396 672 2463 Oura
697 2399 850 2463 sanitatis
874 2398 1000 2464 Tiberii
1024 2399 1157 2465 Cesaris
1180 2400 1293 2482 Augus

124 2515 159 2575 et
189 2509 357 2575 damnatio
388 2508 505 2592 Pilati,
529 2513 611 2594 first
634 2511 797 2594 publiehed
825 2512 861 2596 dy
892 2511 1024 2596 Foqqz'ni
1053 2515 1085 2574 iu
1115 2513 1162 2574 tie
1191 2511 1293 2593 Exere

124 2622 269 2687 tationes
297 2621 372 2684 hist.
396 2620 534 2685 criticae
557 2621 598 2686 de
621 2620 774 2685 Romano
799 2620 842 2685 D.
864 2621 958 2685 Petri
987 2621 1160 2705 itinere’),
1186 2627 1273 2707 from

132 2732 199 2797 Vct.
224 2732 287 2796 Me.
311 2735 351 2816 ‘ff
372 2733 420 2795 the
451 2734 561 2812 11,00.‚
592 2755 634 2796 aa
660 2734 867 2818 subsequently
893 2735 1019 2817 printed
1035 2737 1128 2818 from
1156 2758 1176 2796 α
1203 2735 1261 2798 Me.
1287 2767 1293 2789 ·

125 2849 173 2908 tte
199 2847 282 2925 8‚00.
310 2845 349 2928 by
376 2845 407 2906 J.
432 2845 476 2906 D.
501 2843 660 2923 Moeuol).
705 2843 859 2908 Eundem
886 2843 1035 2909 libellum
1064 2844 1293 2927 aFogginio·

124 2954 257 3020 Mansio
280 2953 486 3037 publicatum
511 2955 590 3018 clar.
613 2952 712 3018 Thilo
740 2954 775 3018 in
797 2952 940 3019 Halensi
969 2955 1081 3019 codice
1111 2955 1293 3038 orphanotn

125 3067 203 3148 phei
231 3065 371 3145 invenit,
399 3064 441 3128 ad
469 3064 593 3128 calcem
622 3064 784 3148 evangelii
807 3065 983 3130 Nicodemi
1007 3066 1171 3148 additum,
1199 3066 1239 3131 de
1262 3088 1293 3149 qn

128 3176 231 3240 refert
255 3168 335 3242 (lod.
358 3195 468 3258 apocr.
496 3196 526 3257 p.
550 3174 775 3242 CXXXVII.
818 3176 894 3270 Hoc
922 3176 1010 3260 loco,
1037 3183 1217 3261 postquam
1238 3177 1293 3243 He

128 3286 300 3352 schenium
323 3287 357 3350 in
373 3285 471 3351 Actis
491 3285 549 3353 SS.
572 3285 614 3350 ad
638 3286 666 3350 d.
682 3285 745 3353 IV.
758 3284 856 3352 Febr.
879 3309 910 3370 p.
925 3291 997 3354 450.
1021 3288 1160 3355 eundem
1182 3287 1293 3355 libellu

128 3397 278 3481 tetigisse
301 3399 438 3480 notavit,
461 3397 567 3462 addit:
598 3395 791 3476 „Simillima
812 3403 863 3462 est
885 3398 1060 3466 historiola
1084 3421 1183 3483 quam
1206 3401 1293 3466 Mari

127 3529 189 3573 nus
214 3507 335 3573 Scotus
355 3507 392 3571 in
415 3506 582 3573 Chronico
606 3506 649 3572 ad
675 3530 704 3573 a.
728 3508 803 3574 Chr.
826 3510 876 3574 39.
900 3532 917 3575 e
939 3510 1113 3576 Methodio
1142 3519 1293 3598 excerpta

128 3618 279 3701 affert4),
308 3618 401 3683 cuins
428 3624 596 3683 auctorem
625 3620 786 3684 celebrem
816 3620 897 3704 Tyri
926 3622 1114 3705 episcopum
1144 3645 1216 3689 esse
1243 3624 1293 3688 hai

216 3833 238 3898 l)
256 3835 297 3884 Ad
316 3836 431 3900 priorem
451 3836 484 3887 de
504 3836 532 3887 S.
545 3836 652 3888 Andros
669 3838 788 3888 fabulam
807 3839 971 3890 conferenda
990 3844 1054 3889 aunt
1072 3856 1130 3890 men
1150 3844 1218 3892 Aeta
1231 3858 1293 3906 open

130 3922 213 3971 lemen
231 3922 377 3985 apomyplua
395 3919 495 3985 (1851.)
513 3937 574 3986 pag.
586 3920 686 3972 XLVII
704 3937 764 3986 sqq.
786 3924 835 3973 1³2
848 3939 908 3987 sqq.

216 4004 239 4071 ἵ)
258 4008 316 4057 Hoc
335 4022 402 4071 opus
420 4008 524 4073 prodiit
542 4008 696 4059 Florentiae
715 4011 792 4060 1741;
829 4009 870 4060 Ol.
888 4011 927 4060 ibi
945 4026 1005 4075 pag.
1017 4012 1128 4061 88-48.

216 4089 239 4155 ³)
258 4089 300 4141 Cf.
316 4090 447 4156 Stephani
464 4093 569 4143 Balnsii
586 4093 763 4144 Mimallones
781 4109 861 4159 opera
880 4102 908 4145 et
926 4096 1017 4146 studio
1036 4095 1059 4146 1.
1074 4097 1107 4145 D.
1122 4098 1212 4149 Menai
1230 4099 1293 4149 arel:

131 4183 198 4247 pise.
213 4181 353 4231 Lucensis.
378 4178 451 4231 Tom.
464 4180 511 4228 IV.
538 4180 625 4231 Lucae
644 4183 719 4232 1764.
749 4198 776 4246 p.
791 4182 902 4232 55-57.

216 4267 240 4330 ⁴)
260 4269 300 4317 De
319 4284 350 4318 aa
367 4284 396 4319 re
416 4268 578 4317 Goodwinns
602 4268 655 4316 sice
683 4269 732 4319 The
751 4269 893 4319 otroaicler
910 4271 1049 4320 Marianus
1067 4271 1170 4331 Scelus,
1193 4276 1247 4324 uulso
1268 4291 1293 4323 e·

23 4397 26 4405 .
126 4353 201 4422 'piled
225 4356 265 4404 hie
288 4354 360 4404 work
382 4355 460 4404 about
481 4356 522 4404 the
545 4354 640 4405 middle
663 4358 696 4421 of
713 4358 754 4405 tae
776 4357 862 4414 11‚00.
888 4359 959 4419 elaea
976 4374 993 4405 a
1013 4357 1084 4423 brief
1102 4375 1230 4427 mmmm-y
1247 4363 1279 4426 of

132 4443 221 4506 hesed
239 4468 249 4478 ·
261 4467 271 4477 -
289 4443 344 4491 But
366 4458 383 4488 a
405 4443 564 4504 mariaco
586 4443 619 4507 os
637 4443 678 4490 the
698 4443 783 4492 words
801 4443 867 4493 ciue
885 4443 915 4508 dy
932 4445 1072 4494 Malam
1087 4446 1149 4495 seith
1167 4445 1209 4496 lde
1225 4460 1293 4511 open
