2880 5062
119 358 183 422 480
509 359 681 412 ἮΝΒῙΟΤΔ
702 360 928 413 SALVATORIS.

120 509 321 575 Nicodemus
347 509 482 575 insimul
509 517 741 575 convenerunt
784 509 986 578 Nicodemus
1008 518 1122 579 antem
1145 511 1230 577 dixit
1250 513 1309 596 Ego

123 612 191 677 vidi
214 635 302 694 eum,
331 617 365 678 et
388 614 455 678 scio
478 634 553 678 vere
576 612 655 697 quia
682 614 754 697 ipse
782 620 833 681 est
860 613 1007 681 salvator
1032 614 1160 681 mundi
1204 615 1310 699 Ioseph

124 722 234 782 autem
257 716 341 780 dixit
363 716 463 781 ei'Et
484 737 544 799 ego
568 716 704 801 deposui
727 738 802 783 eum
826 717 865 784 de
889 739 985 784 cruce
1008 725 1043 784 et
1064 720 1162 802 posui
1191 721 1309 784 eumin

123 828 333 887 monumento
365 842 464 904 novo,
498 821 586 904 quod
618 827 691 886 eret
722 823 868 888 excisum
898 823 939 888 de
969 831 1078 908 petra
1130 825 1181 890 Et
1211 823 1310 889 Iudaei

123 929 302 989 tennerunt
323 945 375 988 me
397 923 546 990 clausum
568 924 603 989 in
627 924 680 989 die
702 945 881 1007 parasceve
905 926 947 990 ad
970 947 1163 1010 vesperam:
1195 934 1228 991 et
1248 926 1311 990 dun

125 1033 248 1092 starem
271 1027 305 1091 in
328 1026 477 1091 oratione
500 1026 553 1091 die
576 1025 718 1109 sabboti,
743 1047 904 1110 suspensa
927 1036 979 1093 est
1002 1028 1120 1095 domus
1142 1050 1166 1094 a
1188 1035 1312 1112 quotuor

126 1131 270 1214 angulis,
298 1135 332 1195 et
358 1129 425 1194 vidi
453 1129 622 1195 dominum
647 1131 760 1196 Iesum
783 1130 953 1196 Christum
981 1131 1070 1196 sicut
1097 1131 1211 1215 fulgur
1236 1130 1313 1209 lucis,

127 1242 161 1300 et
189 1254 269 1317 pree
297 1234 414 1298 timore
443 1232 547 1298 cecidi
573 1233 608 1298 in
635 1238 768 1299 terram
811 1234 860 1299 Et
881 1233 964 1298 dixit
986 1234 1030 1300 od
1052 1256 1106 1300 me
1128 1234 1313 1317 Respicein

129 1356 195 1418 me,
217 1337 296 1418 quia
318 1356 379 1420 ego
404 1356 475 1398 sum
497 1334 605 1418 Iesus,
629 1337 723 1400 cuius
746 1357 866 1419 corpus
888 1336 1037 1419 sepelisti
1059 1337 1096 1401 in
1117 1342 1314 1404 monumento

40 1502 46 1515 ,
128 1444 194 1503 tuo.
240 1438 287 1501 Et
314 1458 374 1520 ego
402 1436 471 1500 dixi
503 1437 532 1501 ei
562 1435 710 1502 Ostende
740 1437 820 1502 mihi
853 1437 1040 1521 sepulcrum
1072 1439 1130 1503 ubi
1163 1442 1254 1522 posui
1281 1446 1315 1503 ts.

128 1540 175 1604 Et
204 1539 301 1604 Iesus
331 1545 447 1603 tenens
477 1559 611 1603 menum
642 1560 750 1604 meam
779 1539 918 1606 dextera
949 1562 1009 1605 sua
1039 1540 1184 1607 adduxit
1214 1564 1262 1606 mc
1288 1543 1316 1607 in

130 1647 239 1710 locum
261 1643 319 1707 ubi
341 1641 475 1725 sepelivi
499 1664 582 1708 eum.

217 1748 244 1787 ²²
265 1745 370 1814 Venit
401 1752 512 1812 autem
543 1752 577 1811 et
607 1747 726 1813 mulier
755 1748 888 1814 nomine
917 1747 1090 1817 Veronicn
1120 1757 1158 1814 et
1188 1749 1267 1813 dixit
1292 1749 1316 1813 ei

129 1852 204 1935 Ego
229 1855 340 1913 autem
362 1847 457 1929 tetigi
479 1847 514 1910 in
537 1847 636 1912 turbu
657 1845 822 1912 fimbriam
844 1848 1030 1913 vestimenti
1058 1849 1147 1932 eius,
1175 1851 1253 1933 quio
1271 1871 1316 1914 sn·

131 1955 183 2018 nis
208 1950 380 2015 duodecim
408 1949 578 2031 sanguinis
604 1946 729 2014 fluxum
756 1970 857 2032 passa
885 1970 970 2030 sum,
998 1956 1032 2015 et
1059 1951 1178 2015 statim
1204 1951 1318 2015 sanavit

132 2077 193 2122 me.
238 2054 265 2093 ²³
287 2051 382 2118 Tunc
404 2050 489 2116 dixit
509 2050 708 2119 Velosianus
730 2053 771 2117 ad
792 2052 940 2118 Pilatum
962 2051 1015 2118 Tu
1036 2051 1150 2118 Pilute
1178 2054 1273 2137 impie
1291 2059 1318 2118 et

133 2155 290 2234 crudelis
319 2174 420 2236 quare
444 2153 643 2217 interfecisti
665 2152 768 2218 filium
792 2153 867 2219 dei?
910 2153 1042 2219 Pilatus
1065 2160 1181 2220 sutem
1201 2175 1319 2237 respon·

134 2259 183 2324 dit
199 2256 292 2324 Gens
315 2274 375 2319 suc
398 2259 431 2318 et
452 2253 624 2336 pontifices
639 2254 756 2319 Annas
779 2259 812 2319 et
832 2255 985 2339 Cayphas
1006 2255 1102 2321 illum
1124 2255 1321 2321 tradiderunt

134 2360 223 2426 mihi.
266 2358 467 2427 Velosianus
489 2356 573 2422 dixit
595 2356 703 2441 Impie
731 2364 764 2422 et
787 2357 944 2438 crudelis,
970 2364 1077 2424 morte
1100 2358 1221 2444 dignus
1243 2380 1275 2423 es
1293 2366 1320 2422 et

134 2486 241 2550 poena
269 2461 404 2528 crudeli.
452 2462 498 2526 Et
525 2462 652 2526 remisit
679 2482 754 2526 cum
782 2461 818 2525 in
845 2482 1020 2527 carcerem.
1066 2462 1092 2502 ²⁴
1114 2463 1165 2528 Et
1186 2462 1320 2528 Velosis·

135 2591 197 2635 nus
224 2567 355 2632 demum
384 2564 557 2648 inquisivit
587 2564 706 2628 faciem
737 2564 804 2629 sive
831 2565 957 2630 vultum
985 2564 1119 2631 domini.
1169 2565 1320 2630 Dixerunt

136 2676 166 2741 ei
190 2692 302 2739 omnes
326 2670 384 2754 qui
408 2668 530 2734 ibidem
557 2675 652 2734 erant
673 2668 799 2734 Mulier
825 2669 956 2734 nomine
978 2668 1152 2736 Veronics
1180 2676 1229 2736 est
1250 2689 1320 2753 quse

137 2902 310 2953 mstodiedant
333 2898 387 2948 eius
410 2898 565 2961 sepulcrum,
589 2903 613 2946 el
637 2896 760 2947 inclinavi
781 2902 858 2960 caput
879 2912 959 2945 meum
980 2901 1006 2946 ei
1028 2899 1143 2961 copilans'
1165 2899 1250 2948 sidere
1265 2913 1318 2952 eum

136 2990 179 3039 sed
198 2987 316 3049 conspexi
333 2985 369 3033 idi
385 2984 450 3032 nilsll
464 2984 496 3032 de
513 2999 551 3042 ec,
569 2984 613 3033 sed
631 2983 686 3031 nidi
702 2983 752 3031 dua
769 2982 874 3046 ampelos
891 2997 966 3031 unum
983 2983 1018 3031 ad
1036 2987 1115 3045 capnt
1133 2988 1160 3033 el
1176 2984 1279 3034 alim
1293 2982 1319 3030 ai

134 3075 230 3138 pedem,
251 3077 276 3121 el
293 3072 487 3133 interruperunt
502 3085 539 3117 ms
557 3085 628 3132 quem
646 3084 800 3132 quaererem.
838 3069 966 3130 Respondi
983 3069 1021 3117 eis
1037 3072 1063 3117 ei
1079 3069 1139 3118 dixi
1160 3068 1258 3131 Quaero
1273 3084 1317 3116 cru

137 3158 237 3222 cestrum
256 3156 426 3206 Salsalorem.
463 3155 562 3203 Rursus
583 3154 704 3202 dicerunt
724 3153 785 3202 nini
801 3153 822 3201 I
839 3154 866 3201 s‘n
888 3152 1048 3210 Gallinam,-
1072 3153 1110 3202 ili
1132 3154 1249 3204 videbilis
1268 3170 1317 3207 eun,

138 3242 342 3311 quemadmodum
355 3240 490 3302 praedicit
507 3239 585 3289 nolis.
621 3242 706 3302 Atque
723 3243 800 3288 eiiam
815 3243 875 3301 post
890 3241 961 3296 naec,
979 3241 1019 3288 aas
1034 3238 1143 3302 Iusspls,
1167 3240 1222 3288 eidi
1236 3256 1285 3289 een
1298 3240 1317 3285 is

137 3331 223 3381 eadem
241 3343 319 3377 carne
336 3327 363 3376 ln
381 3343 431 3391 qua
448 3330 507 3375 erat
524 3330 609 3384 antea,
627 3330 652 3374 el
669 3327 741 3375 dedii
757 3325 892 3389 discipulis
908 3326 962 3374 suis
978 3325 1053 3374 edere
1069 3329 1096 3375 et
1114 3324 1208 3377 didere.
1245 3361 1251 3373 .

223 3417 265 3466 22.
298 3412 373 3463 Venit
390 3417 473 3462 aulem
491 3417 516 3462 el
533 3412 625 3461 mulier
642 3437 651 3447 ·
669 3416 695 3461 et
710 3413 780 3469 deaii
796 3414 829 3461 es'.
865 3411 909 3461 Sic
932 3411 965 3461 de
990 3413 1149 3462 coniectus·
1171 3413 1276 3476 scripsi:
1299 3412 1320 3458 in

138 3502 231 3551 codice
244 3501 316 3549 enim
329 3484 464 3549 est‘Venil
481 3499 515 3546 ad
532 3514 570 3546 me
587 3498 680 3547 mulier
697 3523 706 3533 ·
724 3502 750 3547 et
766 3497 834 3547 dicit
850 3499 921 3546 mili.
959 3497 1012 3547 Sed
1030 3498 1107 3548 locus
1126 3504 1264 3562 corruptus
1280 3504 1319 3551 est

139 3588 191 3637 etsi
210 3590 302 3636 nostru
320 3586 453 3648 scriptura
471 3599 554 3647 prope
573 3583 680 3633 accedit
697 3582 732 3632 sd
743 3583 992 3646 Auglossxonicsm,
1013 3597 1082 3646 quse
1096 3582 1138 3632 its
1151 3584 1245 3634 hebet:
1262 3584 1319 3632 Pon

140 3687 214 3735 quam
233 3671 324 3735 loseph
342 3673 381 3719 ila
399 3669 565 3725 laesissent,
588 3670 656 3717 venit
673 3668 825 3718 cunabilis
841 3668 934 3717 mulier
955 3666 1083 3718 Veross'ca
1099 3673 1126 3718 et
1145 3669 1231 3718 incula
1246 3671 1280 3717 est
1292 3667 1321 3716 n'e

140 3756 198 3818 Epo
216 3756 268 3805 scic
285 3757 340 3804 lucc.
381 3754 461 3816 Quum
484 3771 554 3803 mam
576 3755 603 3803 s'n
625 3755 702 3804 turba
721 3753 827 3818 populi,
850 3770 900 3803 non
917 3756 1037 3817 poteram
1055 3770 1141 3818 prope
1164 3755 1278 3804 accedere
1295 3751 1320 3800 ad

140 3857 208 3896 eum,·
236 3842 279 3889 sed
302 3845 401 3890 lantum
423 3842 498 3904 letias·
516 3840 648 3905 fimbriam
669 3840 811 3889 vestimenti
832 3839 899 3888 sius:
927 3842 1024 3889 eleum
1042 3839 1137 3904 flam
1154 3841 1280 3904 meysiss's
1293 3853 1321 3885 su

141 3924 286 3989 assiliaeral
303 3927 337 3974 ad
355 3926 481 3973 minumum
491 3926 623 3978 duodecim
641 3925 723 3982 annis,
741 3924 814 3973 illico
831 3941 885 3972 sum
902 3929 1010 3982 sanaim
1028 3929 1105 3989 aeque
1121 3942 1168 3989 epo
1180 3939 1322 3988 semperne

142 4010 206 4068 didi,
224 4025 278 4059 eum
295 4027 348 4059 esse
365 4014 447 4060 airum
463 4013 536 4060 deum
554 4027 585 4060 ea
602 4013 671 4061 omni
687 4011 849 4060 aeternitate.

225 4097 268 4145 23.
296 4096 371 4145 ASsx
395 4096 456 4146 lum
478 4096 630 4147 Volusianus
651 4097 726 4145 iussit
741 4095 857 4144 Pilatum
877 4096 984 4153 adduci,
1009 4100 1034 4144 et
1051 4097 1120 4145 elicit
1146 4097 1180 4144 ad
1198 4111 1252 4145 esus
1269 4090 1324 4154 Quid

142 4198 245 4232 caussae
256 4180 314 4244 fuit
330 4186 359 4231 al
376 4185 493 4233 traderes
510 4185 544 4232 ad
561 4188 665 4233 mortem
675 4183 763 4248 fllium
781 4183 838 4232 deii
862 4187 905 4232 etc

227 4272 268 4318 24.
293 4269 385 4318 Priora
403 4271 519 4320 iussu
537 4272 622 4320 multo
640 4271 746 4319 brevius
765 4270 951 4320 absolvuntur.
982 4269 1131 4334 Postqusm
1150 4270 1221 4319 enim
1239 4269 1325 4317 dictum

143 4363 184 4407 cst
197 4358 235 4407 El
249 4356 403 4406 Volusianus
413 4358 488 4407 iussit
499 4375 553 4408 eum
563 4360 632 4408 milli
643 4359 670 4406 in
674 4359 794 4422 serreasn
806 4374 907 4408 caueam
919 4361 944 4407 el
955 4358 1049 4407 coniics'
1060 4359 1087 4407 in
1099 4370 1236 4415 carcerem,
1248 4354 1326 4406 stetin

142 4443 263 4507 pergitur
281 4460 312 4492 ac
330 4447 382 4491 lam
400 4442 438 4490 ita
454 4443 523 4492 dicit
540 4444 574 4492 acl
591 4443 758 4493 uenerabilem
774 4443 905 4492 mulierem
922 4442 1060 4505 Praecipio
1079 4442 1140 4500 tili,
1164 4440 1292 4498 Vsrosirn,
1306 4437 1329 4483 st
